6417 8678
882 1094 4145 1442 Hie hebent ſich an alle die capitel chürcʒleichen geſchribn̄
887 1331 3066 1548 nach einander in dem landrecht buech
867 1472 3958 2804 Die got den menſchen hat beſchaffen mit
1861 1664 4089 1926 driualtiger wirdikchayt das erſt capitel
1941 1846 3575 2072 Uon dreyerhand freyer läut
1886 1962 2814 2173 von vogetteding
1967 2052 3328 2304 Uon ſiben herrſchilten
1906 2244 2773 2441 von der ſippeʒal
2047 2335 3434 2546 Uon brueder kind erbtayl
1901 2476 3893 2713 Wie pfaffen erbent mit geſwiſtreiden
2083 2572 4614 2859 Swer da erbet der ſchol auch ſchon gelten
807 2713 2562 2975 Wus erben auch nicht geltent
1064 2849 2098 3081 Uon purgelſchafft
847 2950 2864 3207 Der nicht erbet der gullt auch nicht
837 3111 3489 3358 Der man iſt der frawen maiſter an aller ſtat
832 3237 2738 3479 Man ſchol den erben ſchon gelten
1059 3389 3389 3585 Der nicht erbet der ſchol auch nicht gelten
847 3449 3570 3736 der an dem richter vnd an dem fronboten freuelt
1049 3641 2612 3852 Swie ſich ein man verſpricht
872 3762 2945 3984 wen man ʒu einem ʒeugen verwïrfft
1059 3883 2920 4110 Der vater erbet wol des kindes guet
842 4014 2884 4281 Wie ein kindſein erb verſbürchen mag
1064 4125 3641 4402 Uie ein pürkchherr antwürt für all die darauf ſind
847 4256 2904 4508 Was ein man ſeinem weib geben mag
903 4407 2456 4649 Auch von der margengab
832 4518 2118 4735 von frawen leibgeding
827 4629 2617 4891 Der ſeinen frewnten guet gibt
862 4775 1735 4977 von hannſtewr
1014 4901 3348 5184 Obem man von ſeinem weib geſchaiden wïrt
807 4992 1528 5229 von erbtayl
903 5118 1669 5375 Uon todleib
857 5300 1488 5476 von taylen
918 5401 2864 5632 Ob man ein kind municht in orden
837 5537 2894 5769 Der ſich begeit an ſeins weibs vrlaub
872 5668 2012 5880 Auch von todleib
736 5784 1785 6031 Der an erb ſtirbet
1009 5895 2441 6167 Das reich vnd die ſwaben
787 6071 1609 6278 von lantſiten
872 6167 2899 6434 Wie der man ſeins weibs maiſter iſt
751 6333 2027 6565 wer erb gelaſſen mag
968 6470 1891 6676 Uon leibgeding
787 6540 2577 6817 der auf lehen̅ leibgednig leicht
893 6732 2380 6944 Uon arkwänigen lewten
812 6823 3636 7090 den der richtʼ wirt das erſein güt nicht verchauffen mag
