6513 8678
1388 1149 3270 1396 nicht bewart. das creyʒechent iſt ob ein
1431 1321 3180 1538 ſun ſeinem vater ſein guet mer dann
1413 1446 3293 1682 habs mit vnfuer vertuet. das vierʒehn̄t
1406 1630 3203 1844 iſt ob ein tochter miſſerett das ſy man
1406 1782 3248 2004 ʒu ïr lat an ïrs vater will die weil ſy
1423 1937 3327 2161 vnder fumf vnd ʒwaincʒig iaren iſt kumt
1423 2099 3283 2308 ſy auer vber ſumf vnd ʒwaitʒig iare
1423 2233 3240 2473 ſo mag ſy ïr ere wol verlieſen. auer ïr
1423 2383 3365 2602 erb mag ſy nicht verlieſſen wann man
1423 2532 3367 2764 ïr geholfen ſcholt haben vnder fumfvnd=
1363 2687 3318 2909 ʒwayncʒig iaren Wie ein purkherr
1431 2841 3412 3063 antwürt für all die darauf ſind xx ca
1812 3006 3355 3218 Swer purg hat der ſchol antwür=
1812 3151 3233 3367 ten für alle die darauf ſind
1752 3293 3313 3509 vnd purklechen darauf habn̄
1448 3447 3258 3664 ſy ſicʒen da oder nicht vnd fuer all die
1401 3599 3288 3791 darauf in ſeinem ſcherm̅ ſind • oder in
1448 3764 3347 3981 ſeiner choſſt. vnd wer im verpeutt den
1423 3911 3215 4133 achter ʒu wehalten. ſo ſchol er in nuͤr
1388 4058 3347 4270 vber nacht behalten vnd tuet er des nit
1453 4217 3385 4419 das iſt wider das rechte. Was ein man
1463 4357 3253 4571 ſeinem weib ʒu margengab geben
1476 4504 2871 4711 mag das xxi Capitel
2251 4661 3248 4835 Nu merchet was ein
2248 4813 3308 5010 yegleich man der von
2278 4953 3235 5174 ritterleicher art iſt
2278 5137 3240 5351 was er ſeinem weib
2243 5274 3293 5488 ʒu margengab gebn̄
2246 5439 3305 5673 mag an ſeiner erben
1401 5603 3305 5810 vrlaub. des morgens an wem pett odʼ
1466 5748 3365 5977 ſo er ʒu tiſch geet oder ob ꝺem tiſch ſicʒet
1448 5895 3253 6139 So mag er ſeinem weib geben einen
1466 6049 3270 6279 knecht vn ein maged di ʒu irn̅ iaren
1451 6204 3270 6441 komen ſind vnd ʒewn vnd ʒimmer ob
1448 6378 3278 6613 der erden vnd als ir man ſtirbet ſo ſol
1471 6545 3270 6765 ſy das erdreich raumen ſechs wochen
1478 6697 3355 6957 oder nach dem dreyſſigiſten vnd ſy ſol
1461 6864 3258 7126 es alſo raumen das ſy die erde nicht
3681 1154 5543 1431 verwunde ſy ſchol es aber die erben an
3711 1361 5516 1578 pieten ʒeloſen nach frummer leut rat
3691 1493 5561 1735 was ïr dye haiſſent geben das ſchol ſy
3691 1633 5598 1857 nemen. vnd hat der man nicht erben
3711 1780 5561 2021 wen auer das erdreich an gehoret dem
3699 1929 5581 2178 tue daſſelb So geyt der frey herr das
3691 2111 5546 2330 hundert markch ſilbers gilt ich main
3691 2248 5556 2490 fürſten vnd ander frein herren die mit
3704 2408 5516 2637 tern̄ frein die mugen geben das ʒechen
3711 2562 5523 2794 markch gilt die fürſten dïnſtman
3696 2694 5636 2944 das fumf markch gilt. Was anderleut
3701 2849 5498 3093 iſt dy mugen nicht geben wann das
3721 2993 5533 3230 peſſt pferd oder viech oder ros vnd iſt
3719 3163 5623 3367 ein aygen man ritter der mag nicht wer
3701 3298 5593 3537 geben dann ein ros oder ein viech Nach
3689 3440 5573 3686 der chaufman wann ſeines varunden
3699 3589 5556 3831 guets mag er mer geben dann ʒechen
3719 3729 5566 3988 markch vnd ein viech vnd ein vos vnd
3711 3896 5601 4128 anders nicht. der gepaur oder frey leut
3689 4048 5563 4307 die nichtrittermäſſig ſind die mugn
3689 4212 5593 4444 geben ros vnd rinder vnd ye nur ains
3726 4369 5606 4566 vnd ʒechen markch. der aigen man
3716 4506 5528 4731 mag nicht geben wann ein ſchaff
3704 4653 5606 4910 vnd ein gays oder ſeiner landpfen̅ig
3716 4796 5655 5060 ſechʒig Ein romiſcher kinig mag gebn
3709 4963 5541 5224 ſeiner fraun ʒu margengab • was er
3666 5140 5663 5361 wil ꝺem iſt nicht ʒil auf geſacʒt geit
3719 5284 5556 5508 er aber des reiches guet dar da hab
3721 5434 5648 5650 die frau nicht rechtes ʒü vnd wïrt ein
3704 5598 5446 5827 ander kinig der hat es mit rechte
3704 5735 5708 5962 Dicʒ iſt auch von margengab xxii cap͞
4103 5897 5623 6129 ES geit ein man ſei aigen ſeine̅
4128 6022 5546 6264 weib wol ʒu leibgeding mit
4023 6154 5571 6443 der erben vrlaub ob ſy ʒu wn
3716 6393 5641 6640 tagen komen ſind vnd iſt das ein man
3714 6533 5591 6785 ſeimes weibes margengab verchauffn.
3696 6715 5556 6962 wil oder verſecʒʒen. oder wie er ſein
3714 6849 5596 7141 anwïrt es ſey mit ïrmn willen dann dy
