6417 8678
1445 1175 2858 1475 ES mag ein chind ſeins vaters
1445 1390 2808 1628 vnd ſeimer mueter erb ver=
1052 1518 2888 1782 wurchen mit vierʒehn̄ dingn̅
968 1675 2840 1920 das erſt ob ein ſun bey ſeins vater beib
982 1815 2868 2050 leyt ſuntleichen mit wiſſen ꝺie des ſuns
992 1965 2808 2218 ſteufmueter iſt. die ſein vater eleichn̄
1000 2100 2808 2325 oder ledicleichen hat oder hat gehabt
968 2255 2860 2485 damit hat er verwarcht alles das erb.
968 2430 2775 2670 das er von ſeiem vater oder von ſeiner
958 2578 2808 2802 mueter wartund iſt. das erʒeugn̄ wir
962 2708 2900 2932 mit herrn̄ dauid in der chunigen buech
1005 2872 2820 3118 Wann da der ſchon Abſolon bey ſeins
970 3020 2845 3260 vater beib lag die ſeins vater freuntin
948 3195 2800 3402 was. damit verwarcht er ſeins vater
978 3330 2775 3558 erb vnd ſei huld. das ander ob ein
1000 3482 2788 3698 ſun ſeinen vater racht wider rechte
988 3628 2870 3825 vnd ſtirbt er in des vankchnus der ſun
970 3782 2845 3960 hat ſein erb verloren. das dritt ob ein
998 3932 2822 4158 ſun ſeinen vater anſpricht vnd ſo ge=
970 4072 2845 4278 tane ding von im ruegt. die dem vater
978 4230 2838 4448 an den leibgent es ſey dann ein ſach
965 4368 2800 4578 dauon das land verderben möcht. da
998 4518 2835 4720 ſy paid inne wönung habent oder da
970 4670 2745 4892 der fuerſt von verderben möcht. des
978 4815 2792 5052 das land iſt mit diſen drein dingen
970 4982 2782 5212 die ich genantt han verwurcht ſich
970 5145 2750 5362 auch ein vater gen ſeinem ſun das
978 5288 2800 5512 er lebendig von ſeinem guet ſchaidn̄
970 5462 2758 5698 mues vnd tritt der ſun an ſein ſtat
970 5615 2750 5848 vnd der ſun ſchol dem vater ſein not
978 5765 2775 6028 dürft geben vncʒ anſeien tod vnd
978 5928 2848 6172 ſchol im die mit eren geben nach den
978 6105 2805 6350 eren als er vor gelebt hat. das vierd
970 6258 2835 6485 ob ein ſun ſemen vater geſlagen hat
970 6400 2810 6635 an das wang oder wie er in geſlagn̅
962 6545 2838 6795 hat. das fumft ob er inſer vnd ſine=
970 6705 2840 6935 chleich geſcholten hat wann got ſel
980 6855 2840 7105 ber alſo ſpricht in den ʒechen gebotn̄
3268 1132 5000 1398 Ere vater vnd mueter ſo lengſtu dein
3248 1328 5088 1578 leben ſeid das nu ein kind ſei leben da=
3268 1455 5068 1692 mit verwurchet. michelsmer vʼ wuncht
3268 1622 5060 1892 es ſein erb dannt. das ſechſt iſt ob ein
3252 1765 5025 2030 ſun auf ſemen vater chlagt er hab ſo
3245 1898 5152 2145 getane ding getan die dem dater moch=
3238 2070 5012 2332 ten groſſen ſchaden tuen an ern oder
3228 2220 5000 2472 anguet oder an dem leib vnd er in des
3250 2372 5105 2625 nicht vberʒeugen mag das ſibent iſt
3235 2530 5002 2790 ob der ſun ein deup wïrt oder ſuſt ein
3242 2690 5098 2945 poſer menſch mit ſo getanem leben vnd
3238 2825 5030 3065 dingen. da ein vegleich man ſein erb
3248 2978 5105 3242 mit verleuſſet oder ob er wiſſentlich
3235 3125 5052 3408 mit den ſelben leuten woͣnet die das
3245 3288 4992 3522 leben an in habent. das acht iſt ob
3232 3448 5005 3710 ein ſun ſeinen vater gewͣret hat. da
3245 3600 5072 3828 er an dem tod lag vnd gern̄ ſeiner ſel
3215 3758 4980 4010 ding geſchafft hiet. oder ob er ſuſt
3230 3915 4968 4168 ſiecher leit. vnd hat vorcht das er
3228 4065 5008 4310 ſterb • vnd ſleuſt ꝺer ſun die tür ʒue
3228 4212 5140 4440 vnd let den pfarrer nach ander nyemt
3168 4360 5175 4595 ʒu im mit den er ſein dinkch ſcholt ſchif=
3212 4520 5002 4762 fen durch ſeiner ſele hail der hat
3208 4658 5108 4898 auch ſein erb verloren vnd vʼ wurcht
3215 4802 5062 5032 des chaiſers Iuſtianus vnd andʼ recht
3215 4950 5048 5180 vil an dem buech. das neunt iſt ob
3215 5120 5075 5375 ein ſun ʒu einem ſpilman wïrt widʼ
3228 5288 4978 5515 des vater will das er guet für ere
3208 5465 4998 5640 nymt vnd der vater ein ere man
3208 5592 5090 5848 geweſen iſt. das er nye güt für ere
3200 5752 4998 6005 genomen hat. das ʒechent iſt ob
3220 5922 5118 6182 ein ſun ſeins vater purgel nicht wer=
3192 6088 5075 6330 den wil vmb ʒeytleich ding odʼ guet
3172 6262 5085 6475 das aindleft iſt ob er den vater von
3170 6388 4970 6615 vankchnus nicht loſen wil. das
3168 6548 5105 6758 ʒwelft ob ein vater vnſinig wïrt von
3208 6698 5020 6935 ſiechtumb oder wie es dar chumt
3198 6862 5032 7120 vnd das in der ſun in den vnlbicʒʒen
