6417 8678
1031 1144 2852 1423 ſet Adrianus der des landes recht vil
1003 1354 2847 1579 gemachet hat. der ſpracht alſo er ſull
1011 1503 2830 1735 ſy all an ſprechen wenn es deucht dy
1018 1651 2854 1844 leut es war da geuerbey ob er einen
1026 1787 2884 2019 anſprech vnd nicht die andern. iſt auʼ
1013 1950 2822 2162 damer darvnder der nicht ʒu gelten
1013 2096 2822 2328 hat des die andern all geleich ſcha=
1006 2261 2810 2461 den habent vnd welcher ſtirbet vndʼ
993 2414 2896 2634 den purgeln. des erben ſchullen ſeinen
993 2553 2869 2780 tail gelten an ſei lechen da gilt nye
1001 2699 2768 2928 mant von mann ſein ſelbs ſchuld.
1013 2854 2822 3057 vnd hat er nicht ʒu vergelten des pur
959 2995 2800 3215 gel ſy worden ſind ſy mueſſen ſelber
1001 3141 2835 3358 vergelten vnd iſt das er deſſelbn̅ ver
976 3292 2810 3502 gicht. das ſy nicht ſein purgel woͣrden
1001 3425 2810 3655 ſein das ſullen ſy in vberʒeugen ſelb
984 3583 2835 3808 dritt vnd habent ſy nyem der in helf
993 3729 2775 3961 ʒu bereden. ſo helfent ſy ſelber wol
1006 3868 2899 4085 an einander ʒu bereden vmb die ſuld
1026 4031 2733 4248 vnd ſpricht ein man ich wil euch
993 4184 2800 4382 einen purgel ſecʒʒen. der anders wa
1006 4317 2968 4545 iſt geſeſſen wil man recht damit tuen
993 4488 2894 4700 ſo ſchol iener dem ſeinen brief ſenden
971 4626 2788 4839 gegen dem er purgel wïrt vnd mit
981 4774 2793 5002 inſigel das iſt gewis ſentt auer er
998 4935 2765 5145 einen boten dar dem der man lobt
1001 5098 2795 5318 an ſeiner ſtat. da ſchol er die leut ʒü
1001 5244 2780 5471 nemen ob iener laugen wolt mit
981 5412 2835 5639 den man vberʒeugen mag. vnd iſt ꝺer
1001 5573 2768 5805 todman vemantʒ purgel geweſen
986 5721 2906 5968 die erben mueſſen ienem gelten gegn̄
1001 5891 2770 6099 dem er purgel was. er hab dann
974 6013 2869 6270 das aufgenomen mit beſchaidn̄ war
1001 6183 2822 6435 ten Alſo ich wird gegn̄ ew purgl
998 6363 2914 6613 ob ich ſterb das mein erben ledig ſein
1364 6536 2894 6747 Der nicht erbet der gillt auch
1364 6685 2839 6917 nicht das Aindleft capitel
1332 6838 2896 7112 Und iſt das ein man ſtirbet vnd
3250 1115 5071 1406 gelten ſchol vnd hat nicht hinder im
3247 1312 5083 1562 gelaſſen. da ſein weib oder ſein erbn̄
3208 1468 5103 1698 von gelten mugen. die ſullen dʼ gult
3262 1606 5098 1851 ledig ſein vor got vnd vor der wellt
3260 1762 5118 1994 vnd den leuten vnd das ein waib ei=
3250 1893 5133 2125 nen andern man nympt vnd gewin=
3250 2041 5101 2313 nent ſy oder pietent in ire freunt güt
3235 2214 5064 2476 des ſy ee nicht enheten. oder obſt ei
3247 2358 5039 2587 nen man durch ïrs leibs wierd oder
3237 2526 5064 2763 witʒʒ oꝺer durch freund nymt der güt
3262 2689 5017 2919 hat oder wie ſy got berett das ſy pey
3262 2849 5145 3052 einem andnʼ mann guet gewinnet vor=
3247 2970 5170 3180 der der der man nach das weib gelten
3250 3119 5175 3349 nicht des erern̅ mannes ſchuld wan̅
3257 3304 4962 3522 als vil als ſy got payde ermant
3237 3435 5054 3662 der man iſt der frawen maiſter an
3704 3581 5034 3808 aller ſtat das xii cap͠
3685 3739 5046 3954 Und ſtirbt einem mann ſein
3596 3895 5054 4117 weib vnd ſchol er gelten
3262 4026 5091 4251 vnd hat nicht. vnd nymt er ein andʼ
3262 4171 5143 4389 weib vnd gibt im die varundes guͤt
3235 4317 5064 4557 er gilt von dem guet wol das iſt da=
3262 4490 5081 4715 von geſetʒt das der man des weibs
3269 4646 5069 4868 vogt vnd maiſter iſt. Seit im auer
3250 4789 5071 5012 ſein weib ander guet davon mag er
3247 4970 5133 5157 nichtgelten wann mit wem willn̅
3245 5115 5138 5368 hat aber ſy erben die des guetes war=
3250 5274 5237 5511 tent nach wem tod ſo mag ſein der man
3245 5422 5162 5644 nicht anwerden vmb ſein ereren gelt
3245 5592 5113 5795 ſchuld. Gewinnet aber ſy erben ent=
3269 5746 5027 5966 ſambt die weil die lebent ſo wïrt
3237 5889 5101 6119 er des guetes wol an das ſy im gab
3250 6037 5019 6289 das man den erben ſchon gelten
3690 6198 5081 6460 ſchol das xiii capitel
3717 6398 5002 6623 Und ſtirbt ein man ſo iſt
3695 6546 5108 6789 man ſeinen erben wol ſul
3215 6714 5044 6937 dig ʒe gelten was man im gelten
3237 6885 5180 7149 ſcholt die gult die man behabn̄ mag
