6417 8678
1008 6230 2852 6371 Hie hebt ſich an das lantrecht buech
1038 6401 2858 6530 wie man vmbem yegleich ſach rich=
1020 6562 2476 6691 ten ſchol das erſt capitel
1354 6713 2805 6878 HErre got himeliſcher vater /
1336 6893 2775 7033 durch dein milten guet / be=
3252 6249 5122 6385 ſchueftu den menſchen / mit driual:
3258 6417 5031 6528 tiger wïrdikhayt / Die erſt / das er
3252 6551 5091 6675 nach dïr gepildet ist / das iſt als ein
3246 6712 5067 6846 groſſe wïrdikhait / Der dïr als men
3252 6879 5234 7008 ſchleiches thunn dankchen ſchol / wann
