5200 6005
747 2310 2358 2551 Waʒ auch ir hoch gemeʒʒen
793 2462 2428 2713 Des wil ich nicht vergeʒʒen
805 2611 2491 2862 Wann an der hoch het ir cʒal
825 2778 2447 2985 Fünfcʒig dawmeln vvber al
796 2959 2356 3142 Darnach ſtund es an lang
801 3072 2515 3306 Vncʒ der regen von him̅l dra̅g
788 3190 2115 3441 So das erſach her noe
832 3373 2705 3610 Er ſprach ich ſawm mich nicht me
808 3530 2508 3752 Er het auch alles daʒ perait
796 3675 2392 3899 Als ym der engel het geſait
803 3827 1777 4046 Vogel vnd tyer
813 3945 2508 4232 Die het er in die arch ſchyer
764 4135 1876 4350 Perait als er ſolde
796 4258 2380 4470 Vnd als es got ſelber wolde
540 4398 2479 4722 Do gieng dʼ vil trew man
993 4584 2515 4844 fur ſein hawſfrawen ſtan
793 4709 2575 4962 Er ſprach vil wund'raines weib
844 4885 2305 5093 Wildu pehalten deinen leib
834 5001 2320 5266 So ſolt du in die arch gen
2771 470 4437 757 Nicht lenger ſolt du hie ſten
2795 653 4548 899 Nym dein werde chind mit dir
2783 837 4297 1054 Vnd ge in die arch ſchier
2799 977 4473 1218 Vnd deiner lieben chind weib
2754 1116 4150 1333 Daʒ ſy pehalten den leib
2790 1157 4545 1519 Swas noe cʒu der vrawe̅ ſpʼch
2780 1413 4721 1717 Vil gutleich daʒ von ym geſchach
2812 1577 4287 1825 Sy hies ſy in die arch gen
2775 1714 4521 2001 Vnd ſprach es ſol chaines ſten
2780 1861 4256 2107 Awſſerhalb der arch gut
2795 2038 4475 2247 Daʒ noe nicht werd vngemut
2624 2156 4208 2482 DEr ain des erlachte
2989 2322 4478 2520 der red er nicht enachte
2758 2426 4196 2686 Do das der vater erſach
2797 2582 4485 2869 Ein wort er cʒornichleich ſpʼch
2746 2749 4384 2992 Giench tewfel drat dort ein
2746 2913 4405 3142 Du haſt nyendert rechten ſin
2627 3047 4463 3306 DO er da wort woll ſprach
2966 3195 4639 3453 der tewphel widʼ ſich ſelb v'iach
2775 3332 4458 3629 Wol mich mir hat erlaubt noe
2778 3491 3986 3709 Daz ich in die arch ge
2717 3631 4220 3865 Die er geſegent het ſo ſer
2780 3793 4345 4003 Daʒ chain tewphel waʒ ſa her
2758 3940 4434 4150 Der in die arch möcht chome̅
2730 4089 4591 4331 Nu han ich willichleich vernome̅
2730 4256 4275 4487 Daʒ er mich hieʒ dar in gen
2717 4401 4309 4651 Hie aws wil ich nicht peſten
2742 4550 4133 4750 Mit ym er do hin ein gie
2696 4692 4352 4902 Den man er pey dem arm vie
2727 4801 4434 5052 Vnd weiſet in an ſein gemach
2689 4938 4410 5191 Den tewphel do nyemant ſach
2758 5095 4147 5358 So ſloʒ noe die arch ʒwe
