5141 6005
754 556 2739 857 Der het ſich mit de̅ laub pechlait
776 718 2355 978 Darab das turteltaublein
2355 785 2739 1014 ſein
785 884 2557 1108 Ein cʒwey prach mit de̅ mund
758 1027 2566 1297 Da mit daʒ tewbel ſlog cʒeha̅t
745 1198 2472 1431 Da es die arch ſweben vant
758 1350 2557 1597 Dar auf do ſas eʒ an der ſtund
754 1498 2584 1763 Vnd het daʒ cʒwey in de̅ mund
761 1691 2526 1921 Es lieʒ ſich vahen an der ſtat
745 3518 2221 3773 Als es do ſein hercʒ pat
740 3674 2243 3921 Do noe daʒ tewbel gevie
731 3854 2171 4078 Auf die arch er do gie
731 4020 2387 4257 Er ſprach liebe̅ chint mein
727 4195 2369 4410 Es hat daʒ turteltewbelein
749 4356 2252 4594 Sein trew wol behalten
722 4518 2266 4742 An jungen vnd an alten
744 4684 2535 4908 DIr iſt auch vo̅ ym bechant
915 4841 2584 5114 Swie verr es fleugt in di la̅t
2761 538 4361 875 Daʒ es hat eine̅ frömden liſt
2739 794 4208 1027 So ſein gemechet tot iſt
2719 942 4509 1175 Sicʒet auf chain gruns cʒwey
2719 1113 4114 1355 Wann es ſicʒet alda pey
2665 1274 4428 1512 Auf ein durres cʒwey cʒeha̅t
2696 1431 4585 1678 Daʒ iſt mir von im vil wol peka̅t
2710 1597 4428 1839 Chain waſſer es trinken mag
2665 1750 4446 2010 Weder pey nacht noch pey tag
2692 1911 4423 2185 Eʒ trub es mit dem fueʒlein
2683 2068 4006 2301 Daʒ iſt die natur ſein
2692 2225 4527 2494 Daʒ tut es vmb die groſſen not
2710 2414 4509 2651 Swenn ſein gemechet liget tot
2692 2548 4571 2804 Es nympt auch in der welt weyt
2683 2705 4522 2961 An ſich chain gemainſchaſt heit
2543 2875 4513 3109 ALs er die gancʒen warhait
2889 3033 4648 3302 Seine̅ chinden het vorgeſait
2674 3203 4405 3463 Do gie er fröleich von in dan
2678 3324 4091 3567 Hoch auf die arch ſtan
2683 3504 4253 3733 Vnd ſach fur ſy in die lant
2651 3656 4383 3876 Ob in yendert würd pekant
2660 3804 4060 4065 Daʒ er erdreich erſeche
2674 3943 3934 4204 Vil gern er des iehe
2656 4105 3674 4352 Do ſach der gut
2701 4262 4365 4518 Erdreich chawm als ein hut
2674 4441 4486 4679 Vnd einen pawm dar auf ſtan
2656 4603 4536 4841 Des frewt ſich der getrew man
2696 4764 4226 4993 Er gie cʒu ſeinen chinden
2701 4881 4428 5186 Er ſprach got wil erwinden
