5141 6005
683 3356 2279 3545 Als es der lieb got wolte
690 3500 2114 3693 vnd als es weſen ſolte
665 3672 2511 3999 Als noe an das lant
1211 3913 2374 4154 trat do machet
1192 4111 2331 4316 er an der ſelben
729 4199 2341 4553 ſtat Einen Alter her
714 4431 1763 4637 Ʒu got ſelbers er
724 4579 2386 4804 Melchyſedech ward er gena̅t
700 4751 2489 4964 Wann er den erſten altar vant
688 4875 2300 5121 Auf den altar er gedacht
2671 588 4412 836 Daʒ er got ſein opher pracht
2659 757 4405 982 Wann er des vil wirdig was
2685 915 4608 1127 Er half ym daʒ er vil wol genas
2652 1063 4417 1283 Noch wil ich ew' ſagen mere
2652 1247 3882 1455 Von got ſelbers lere
2685 1395 4357 1634 Chain flaiſch was ſo gute
2671 1546 4496 1827 Daʒ chain mentſchleicher mute
2661 1729 4285 1968 Daran ſtünd daʒ er es aʒʒ
2661 1894 4508 2157 Vnd ſeiner chrankait vergaʒʒ
2671 2023 4135 2288 Wann ſi iahen gemaine
2666 2222 4204 2444 Daʒ flaiſch wer vnraine
2661 2372 4032 2609 Wilt cʒam chain viſch
2666 2539 4233 2752 Chom für ſi auf den tiſch
2673 2711 4278 2955 Von adams ʒeiten vücʒ her
2678 2866 4302 3093 Darnach gab in got die ler
2671 3029 4240 3263 Vnd erlaubt do ſicherleich
2666 3210 4161 3440 Der werlt gemainchleich
2675 3382 4424 3631 Daʒ flaiſch nücʒen alle ſtunde
2675 3543 4424 3805 Daʒ tet noe der werlt chunde
2666 3717 3984 3951 Do ſy daʒ flaiſch aʒʒen
2697 3901 4125 4123 Irs laides ſy vergaʒʒen
2666 4049 4350 4290 Wann ſi enphunden der ſpeis
2666 4216 4018 4422 Wir warn vil vnweis
2697 4367 4058 4594 Pegunden ſy alle iehen
2673 4534 4663 4758 Douon iſt vns tumplich geſchehe̅
2685 4677 4500 4926 Das wir das flaiſch vnd die viſch
2697 4844 3987 5069 Nicht trugen cʒetiſch
2647 4988 3963 5205 Darnach noe cʒehant
