5141 6005
887 697 2399 1013 ZU den cʒaiten was ein
844 957 2479 1254 ris als ich an de̅ püch
769 1155 2488 1406 liz Ez was gehaiſſen me̅
743 1331 2491 1669 broch sein lng het ydoch
733 1493 1917 1748 Dreyſig dawm elen
733 1666 2561 1922 Er mocht wol manige̅ vellen
731 1820 2255 2054 Er was ein aiſleich man
733 1963 2510 2283 Für war ich ew daʒ ſage̅ chan
760 2141 2006 2377 Sein ſun hieʒʒ aſſurr
711 2308 2165 2505 Mit ern lebt er vnd für
719 2440 2520 2676 Do ward ein volk von im pecha̅t̅
702 2595 2110 2814 Aſſuri was es genant
719 2756 2387 2985 Noch mer wil ich chunt tuen
735 2934 2214 3103 Daʒ aſſurr gewan ein ſun
2696 704 4321 921 Der ſelb wart genant bel
2713 895 4159 1102 Er ward ein degen ſnel
2720 1020 4659 1203 Vnd ward ein gut vrlewges ma̅
2676 3043 4427 3258 Alſso ich von ym gehöret han
2669 3202 3998 3431 Daʒ erſt her er gewan
2676 3303 4615 3569 Daʒ ye chann man ward vnderta̅
2657 3477 4444 3718 Vnder dem her phlag er der rot
2681 3648 4302 3882 Mit fleis gar an allen ſpot
2679 3819 4309 4032 Er ward ir aller haupt man
2701 3991 4304 4198 Für war ich daʒ ſagen chan
2701 4126 4514 4333 Er ward ſo gewaltig in de̅ land
2655 4282 4483 4538 Daʒ ma̅ ym muſt an alle ſchand
2701 4454 4039 4651 Daʒ erſt opher pringen
2672 4593 4490 4844 Vnd nach ſeinen hulden ringen
2669 4767 4410 4972 Das opher daʒ man ee prante
2657 4895 4531 5119 Vnd es gegen dem himel ſaucte
2667 5071 4509 5317 Daʒ muſt ym werden vnderta̅
