5288 6055
697 2534 1765 2761 Hie mit peſunder
678 2701 1909 2929 Schied er das vnder
678 2826 2206 3070 Von dem daʒ man oben ſach
636 3010 2306 3240 Alcʒehant daʒ auch geſchach
667 3168 2448 3389 Die veſtichait er den hymel nant
553 3330 2406 3524 Do mit der ander tag verſwant
2573 555 4252 878 Do ſprach er aber nu wil ich
2578 771 4141 1027 Daʒ alle waſſer ſamen ſich
2559 955 4113 1171 Die vnder dem hymel ſein
2566 1117 4090 1322 Vnd an einer ſtat erſchein
2545 1261 4401 1512 Ein trüken daʒ geſchach cʒehant
2566 1412 4160 1619 Die trüken er die erd nant
2548 1579 4178 1793 Der waſſer ſamung gab er
2608 1709 3809 1884 Daʒ er hies das mer
2569 3428 4243 3630 Do vnſer trechtin do geſach
2573 3553 4062 3783 Daʒ es gut was er ſprach
2585 3690 3997 3916 Nu müſſen auf der erden
2590 3837 4443 4078 Chrawt grün vnd pawm werden
2566 3999 4162 4232 Das ainer yegleichen ſlacht
2576 4155 4336 4399 Erchant werden in ſeiner acht
2585 4313 3897 4536 Daʒ geſchach auch alſo
2583 4473 3786 4675 Do pracht die erd do
2541 4629 4336 4845 Grün chrawt mit ſeinem ſamen
2557 4784 4299 4989 Die ſeines gepots war namen
2615 4910 4478 5135 Pawm chrawt der yegleichs wart
2615 5063 4162 5325 Früchtig nach ſeiner acht
