5105 5984
855 634 2615 907 Es anwurt im abraha̅ dʼ gut
823 843 2448 1059 Aws vil trawrigem müt
740 998 1909 1209 Awe herr ſchepher
747 1148 2359 1359 Deim potſchaft iſt mir ſwer
757 1261 2470 1506 Wann mein liebes chind yſaac
769 1428 2600 1644 Mir nymmer lieber werde̅ mag
774 1573 2482 1792 Es tet ye meinen willen gar
781 1718 2553 1937 Er vieng ſich pey dem gue̅ har
740 1865 2293 2109 Vnd rauft ſich engſtleichen
786 2027 2121 2249 Vnd ſol ich entweichen
762 2168 2399 2384 Der trewen meinem chinde
774 2337 2231 2541 Vor iamer ich verſwinde
747 2458 2497 2725 Sol ich hie töten mein chind
772 2657 2534 2883 Herr got nu mach mich plint
796 2802 2507 3040 Daʒ ich icht ſech des chindes tot
809 2951 2583 3202 Slag ich icht ſer des gat mir not
816 3123 2300 3379 Engel mein ich ſag dyer
791 3286 2394 3519 Die red ſoltu gelauben mir
779 3458 2482 3711 Daʒ opher wirt mir cʒeſwer
791 3617 2602 3866 Nu pit ich got meinen ſchepher
796 3777 2460 4033 Daʒ er ein ander opher nein
823 3930 2588 4165 Das doch ſeinen ern wol gecʒem
1064 4084 2634 4345 DO ſprach der engel lieb ma̅
956 4244 2637 4510 Der red ich dir nicht wol ga̅
791 4401 2675 4652 Wann ſwas got lieb ſey cʒu aller cʒeit
821 4600 2588 4812 Daʒ ſoltu tuen an wider ſtreit
1012 4736 2575 5023 DO ſprach es abraha̅ der gut
966 4925 2675 5114 Mein hi'cz mei̅ leib vn̅ mei̅ mut
833 5035 2300 5313 Die muſſen trawrig ſein
2740 632 4502 914 Vmb mein vil liebes chindlein
2711 826 4414 1069 Dem gepot es nye v̈ber gye
2675 990 4369 1216 Ich wen daʒ lieber chind me
2689 1145 4315 1379 Geſehen ward dann yſaac
2725 1271 4519 1538 Ich mus doch hewt laidige̅ tag
2698 1457 4254 1691 Sehen vnd auch ſmercʒen
2720 1634 4165 1846 An leib vnd an hercʒen
2691 1774 4605 2015 Ydoch wolt got mein ſelbs leben
2708 1932 4522 2175 Daʒ wolt ich ym cʒeopher geben
2703 2111 4596 2352 Sein gepot ich n̅y̅ mer v̈ber gan
2728 2263 4360 2509 Ich wil in ſein̅e̅ hulden ſtan
2711 2440 4264 2669 Do gye abraham cʒehand
2703 2600 4318 2821 Do er ſein̅e̅ ſun yſaac vand
2733 2777 4261 2988 Er ſprach lieber ſun mein
2711 2897 4441 3138 Got muſeſt du enpholhen ſein
2720 3072 3755 3323 Hewt vnd al tage
2728 3212 4433 3472 Vernym recht was ich dir ſage
2743 3384 4419 3625 Ich wil got ein opher legen
2725 3524 4475 3777 Als ich von erſt han gephlegen
2713 3713 4421 3989 Auf dem perig der dort ſtat
2730 3829 4475 4116 Wann es vns got gepoten hat
2978 3979 4492 4266 Do ſpach yſaac das chindlein
2880 4180 4382 4426 Vater ſol ich pey dir ſein
2802 4271 4652 4571 Da liebes chind daʒ mus geſchehe̅
2755 4458 4721 4726 Du muſt hewt iamer mit mir ſehe̅
2720 4679 4016 4886 Got iſt aller ern wert
2772 4799 4551 5062 Er iſt genedig recht alſam vert
2743 4937 4583 5203 Dannoch weſt nicht daʒ chindlein
