5141 5972
694 599 2460 876 Daʒ geſchach von dem ſege̅ gut
694 811 2204 1041 Das ſy noe heten in huet
716 915 2560 1202 NU laʒʒen wir ſein got phlege̅
990 1106 2647 1349 Der nicht gutes leſt vnderwe̅g
699 1263 2573 1540 Nyeman was cʒu de̅ cʒeite̅ reich
712 1440 2378 1692 Daʒ waiʒ ich wol ſicherleich
712 1592 2508 1835 Daʒ er nicht chnecht mocht han
699 1757 2477 2009 Der im was dienſtes vnderta̅
716 1918 2560 2152 Wann es was in den cʒeite̅ recht
725 2061 2382 2317 Es wer ritter oder chnecht
716 2243 2538 2512 Chain diener was ym vnderta̅
738 2408 2456 2673 Fur war ich ew daʒ ſage̅ chan
729 2564 2508 2829 Er het nyema̅t dann ſein chind
725 2746 2200 2985 Die von ym geporn ſind
720 2903 2477 3115 Das was da in der welt recht
699 3046 2638 3315 Das diʒ chind was deʒ vat’s chnecht
720 3228 2538 3471 Daʒ cham iaphet vnd ſem recht
729 3380 2729 3649 Von chame̅ chome̅ die erſte̅ knecht
703 3549 2464 3788 Die muſte̅ y̅mer pey irn iarn
716 3714 2512 3957 Daʒ chame̅ chind ir diener warn
694 3892 2512 4117 Daʒ was alles vo̅ cha̅ geſchehe̅
720 4052 2499 4282 Dem noe tet des mus ich iehen
742 4204 2438 4430 Nu habent die hern v̈berall
720 4365 2499 4612 Eine̅ ſtreit gewinnen ane ʒal
746 4499 2074 4742 Daʒ ſelb iſt ir aller ſit
703 4629 2647 4903 Vnd volget in cʒu alle̅ cʒeite̅ mit
716 4820 2204 5055 Das ſag ich ew pedewte
712 4977 2300 5254 Sy habent aygen lewte
2668 590 4356 833 Die ritter vnd die chnechte
2664 781 3844 989 Daʒ iſt nu ir rechte
2664 850 4365 1176 Doch weſt ich gern die mere
2699 1089 4282 1332 Von wew es chomen were
2681 1219 4261 1488 Do er in es het geſchaffen
2638 1393 3987 1631 Legaten vnd phaffen
2664 1566 4183 1809 Der mir daʒ chünd ſuchen
2664 1722 3944 1965 An den alten puchen
2677 1909 4139 2143 Oder an der newen ee
2664 2052 4555 2304 Daʒ wolt ich dienen y̅mer mer
2694 2217 4417 2464 Ich wais das ſicherleich wol
2664 2313 4773 2625 Wie gar mein leib ſey tumphait vol
2664 2543 4460 2812 Doch han ich dikch vernome̅
2664 2694 4426 2950 Daʒ wir von eva ſein chomen
2694 2885 3827 3120 Vnd von adamen
2725 2946 4334 3267 Vnd von ir paider ſamen
2699 3185 3944 3432 Hern vnd chnechte
2729 3345 4222 3610 Dauon ich gern rechte
2681 3519 4191 3762 Weſte die warn mere
2647 3658 4504 3922 Von wannan es chome̅ were
2651 3844 4252 4096 Ʒerom habent ſy aine̅ ſin
2677 4022 4087 4269 Da ſy iehen daʒ von in
2686 4174 4209 4421 Die fürſten chome̅ alle
2694 4313 4456 4556 Des ſtreitent ſy mit ſchalle
2681 4478 4679 4703 Wer mir nicht gelaubt dʼ mer
2703 4651 4456 4885 Der frag cʒe rom die römer
2655 4807 4200 5029 Wann ſy ſind gemaine
2694 4959 4039 5176 Grob vnd chlaine
