5274 6046
662 576 2008 794 Cʒwar es iſt nicht gut
625 752 2081 967 Das ein ſo biderbe man
620 892 2250 1119 Süll ain auf der erden gan
613 1067 2347 1292 Im ſol wonen ein gemechet pey
625 1207 1983 1446 Daʒ ym ſelb geleich ſey
618 1368 2186 1607 Vil gütleich er gen im redt
633 1519 2386 1754 Er ſprach ich ſag dir hie cʒeſtet
611 1678 2301 1908 Du macht nicht ain geneſen
625 1844 2206 2066 Dir ſol ein weib pey weſen
634 1993 2308 2196 DEr red anwurt adam do
828 2142 2445 2364 Wann er was der red vil fro
633 2274 1873 2496 Her was dir liep ſey
608 2433 2218 2648 Da ſol mein will weſen pey
608 2574 2125 2811 Do macht got der reiche
633 2726 1925 2943 Ein weib ym geleiche
572 2887 1871 3058 Do er was entnuket
613 3031 2079 3244 Do het ym got gecʒuket
637 3187 2213 3356 Ein Ryp von der ſeiten ſein
2587 572 3959 845 Der vil lieb trechtein
2577 774 4255 1001 Er prach es aws dem leibe
2565 918 4135 1153 Vnd macht ym ein weibe
2555 1070 3859 1268 Die nant er virago
2577 1216 4196 1404 Des weibes was er vil vro
2594 1370 4199 1610 Der nam er war mit ſinnen
2577 1529 4013 1759 Daʒ ſy hieʒ ein meinny̅ne
2565 1676 4226 1910 Darnach ward ſy eva genant
2552 1839 4289 2113 Als ſy noch hewt iſt bechant
2594 1991 4179 2240 Darnach ſprach ſicherleiche
2579 2179 3874 2406 Got von hymel reiche
2570 2318 4411 2604 Do er ſy nakent vor ym ſach ſtan
2535 2479 4458 2716 Vil lieber frewnt vrawe̅ eva man
2570 2657 4128 2831 Ich enphilich dir daʒ weib
2545 2804 4409 3012 Auf dein ſel vnd auf deine̅ leib
2545 2943 4099 3178 Daʒ du ir phlegeſt alſo wol
2557 3100 4086 3339 Als ein fru̅mer man ſol
2570 3275 3998 3488 Phlegen ſeines weibes
2591 3422 3908 3639 Ir ern vnd irs leibes
2535 3586 4094 3815 Alſo enphilich ich dir eva
2555 3754 3656 3954 Deinen man alda
2567 3903 4384 4145 Daʒ du phlegeſt ſeins leibs wol
2543 4062 3998 4306 Als ein frums weib ſol
2572 4230 4426 4458 Do ſprach ada̅ vrawen eva man
2555 4404 4057 4592 Herr dein will ſol ergan
2540 4533 4152 4760 In allen dingen ſwa du wil
2526 4704 4487 4931 Wann ich han von dir frevde̅ vil
2555 4853 4252 5073 Vnd wunn die weil ich lebe
2560 4975 4499 5249 Wider dein gothait ich ny̅m’ ſtrebe
