5276 6005
885 2488 2129 2688 Do got het geſechen
923 2607 2631 2894 Daʒ alle dink warn geſchehen
885 2770 2291 3014 Vnd das ir chaines nye
928 2932 2363 3143 Seinen willen vber gie
890 3081 2483 3320 Das ſelb nach des puchs ſag
899 3258 2531 3492 Geſchach an dem ſechſten tag
871 3430 2535 3645 NU het er es alles perait
1143 3573 2612 3794 Als ich es vor han geſait
923 3712 2378 3937 Ein himel vnd die erden
904 3837 2741 4119 Yegleichs nach ſeinem wille̅ w’den
899 4014 2598 4243 Der himel waʒ gecʒieret wol
895 4176 2660 4401 Die erd was alles waſſers vol
904 4334 2906 4568 Daʒ geſchach nach gotes willen gar
918 4482 2444 4726 Das ich ew ſag daʒ iſt war
878 4655 2746 4903 DArnach an den ſybenden tag
1124 4779 2650 5047 Er ſich alles werks v’phflag
962 4946 2315 5243 In aller ſeiner getäte
2875 502 4262 813 Wann er volendet hëte
2818 741 4669 971 Swas ym cʒe enden da geſchach
2851 895 4506 1115 Die ſiben teg het er gemach
2846 1043 4458 1292 Von allen den werken ſein
2880 1182 4195 1426 Der vil lieb trechtein
2851 1344 4545 1583 Sein werik geviel ym wol
2885 1488 4870 1756 Wann daʒ erdreich ward frewde̅ vol
2933 1656 4702 1923 NU laʒʒen wir die red ſtan
3114 1760 4650 2095 Vnd greiffen cʒe adam an
2880 1976 4554 2205 Der was der erſt menſch ain
2885 2138 4669 2387 Der auf daʒ erdreich ye erſchain
2880 2282 4286 2516 Vnd was der erſt man
2885 2435 4315 2674 Den got machen began
2913 2612 4487 2827 Von Laim vnd von erdreich
2913 2775 4253 2999 Machet er in werleich
2889 2885 4535 3143 DO er in do gemachet het
3090 3033 4793 3320 Als ſeiner gothait wol anſtet
2885 3224 4769 3506 Do geſegent er in mit ſein’ hant
2875 3363 4152 3607 Der vil ſueʒʒ hailant
2913 3545 4779 3813 Er ſprach erkenn mich ich pin got
2885 3703 4162 3904 Du laiſt mein gepot
2867 3839 4688 4090 ADam ſprach lieber he'r mein
3119 4009 4626 4253 Dein will müʒʒ nun erfült ſein
2880 4148 4559 4420 An mir hewt vnd alle ſtund
2914 4320 4750 4559 Dein gnad iſt mir worden chund
2882 4478 4564 4741 DA got adams red erhort
3042 4616 4449 4846 Vnd ſein getrewe wort
2909 4760 4387 4975 Die ym an der ſelben ſtund
2885 4903 4234 5114 Ward von adams chund
2909 4999 4468 5305 Er gedacht in ſeinem mütt
