<?xml version="1.0" encoding="UTF-8" standalone="yes"?>
<PcGts xmlns="http://schema.primaresearch.org/PAGE/gts/pagecontent/2013-07-15" xmlns:xsi="http://www.w3.org/2001/XMLSchema-instance" xsi:schemaLocation="http://schema.primaresearch.org/PAGE/gts/pagecontent/2013-07-15 http://schema.primaresearch.org/PAGE/gts/pagecontent/2013-07-15/pagecontent.xsd">
    <Metadata>
        <Creator>prov=READ-COOP:name=PyLaia@TranskribusPlatform:version=2.20.0:model_id=52284:lm=none:date=03_12_2024_17:03</Creator>
        <Created>2024-11-08T13:43:37.728+01:00</Created>
        <LastChange>2024-12-18T16:57:14.901+01:00</LastChange>
        <TranskribusMetadata docId="5064035" pageId="82739346" pageNr="38" tsid="213513705" status="DONE" userId="290724" imgUrl="https://files.transkribus.eu/Get?id=KHGQODDPLTARZZHCYRFUWWGO&amp;fileType=view" xmlUrl="https://files.transkribus.eu/Get?id=VAAYQTCHCFQEFUYJHRCETWMZ" imageId="68084563"/>
    </Metadata>
    <Page imageFilename="enikel weltchronik-0038.jpeg" imageWidth="5274" imageHeight="6046">
        <ReadingOrder>
            <OrderedGroup id="ro_1734603114754" caption="Regions reading order">
                <RegionRefIndexed index="0" regionRef="tr_1"/>
                <RegionRefIndexed index="1" regionRef="tr_2"/>
            </OrderedGroup>
        </ReadingOrder>
        <TextRegion orientation="0.0" id="tr_1" custom="readingOrder {index:0;}">
            <Coords points="591,677 591,5174 2545,5174 2545,677"/>
            <TextLine id="tr_1_tl_1" custom="readingOrder {index:0;}">
                <Coords points="668,831 848,803 905,846 1139,772 1393,763 1499,817 1660,779 1883,843 2111,822 2084,637 1964,677 1544,618 1329,656 1175,630 981,687 670,661"/>
                <Baseline points="681,770 752,770 824,766 895,764 967,764 1039,764 1110,759 1182,758 1254,756 1325,752 1397,752 1469,757 1540,758 1612,758 1684,758 1755,758 1827,753 1899,752 1970,754 2042,759 2114,764"/>
                <TextEquiv>
                    <Unicode>Euen vnd auch adamen</Unicode>
                </TextEquiv>
            </TextLine>
            <TextLine id="tr_1_tl_2" custom="readingOrder {index:1;}">
                <Coords points="675,981 1923,955 1923,829 1549,808 1097,862 843,805 675,831"/>
                <Baseline points="687,937 749,928 811,926 873,926 935,926 997,926 1059,926 1121,926 1183,922 1245,920 1308,920 1370,920 1432,920 1494,920 1556,920 1618,920 1680,920 1742,920 1804,920 1866,922 1929,926"/>
                <TextEquiv>
                    <Unicode>Ich in meinen ſamen</Unicode>
                </TextEquiv>
            </TextLine>
            <TextLine id="tr_1_tl_3" custom="readingOrder {index:2;}">
                <Coords points="668,1113 888,1099 976,1146 1092,1099 1184,1158 1267,1104 1727,1158 1852,1113 1852,985 1698,952 1504,1004 1336,948 1213,985 668,981"/>
                <Baseline points="681,1093 739,1087 798,1087 857,1087 916,1084 975,1081 1034,1081 1092,1081 1151,1081 1210,1081 1269,1081 1328,1080 1387,1076 1446,1075 1504,1075 1563,1075 1622,1075 1681,1075 1740,1071 1799,1069 1858,1069"/>
                <TextEquiv>
                    <Unicode>Mit in alſo daʒ adam</Unicode>
                </TextEquiv>
            </TextLine>
            <TextLine id="tr_1_tl_4" custom="readingOrder {index:3;} abbrev {offset:24; length:5;expansion:scham;}">
                <Coords points="654,1291 1066,1260 1232,1296 1315,1253 1660,1281 1741,1229 2428,1291 2430,1106 2283,1128 2215,1094 2101,1146 1852,1099 1755,1158 1471,1128 1407,1165 1265,1106 1151,1168 1061,1132 1004,1163 881,1101 656,1151"/>
                <Baseline points="669,1242 757,1242 845,1242 934,1241 1022,1235 1111,1230 1199,1230 1287,1230 1376,1230 1464,1230 1553,1230 1641,1229 1729,1224 1818,1223 1906,1218 1995,1218 2083,1218 2171,1218 2260,1224 2348,1230 2437,1230"/>
                <TextEquiv>
                    <Unicode>Entrinn her aws müs mit ſcha̅</Unicode>
                </TextEquiv>
            </TextLine>
            <TextLine id="tr_1_tl_5" custom="readingOrder {index:4;}">
                <Coords points="649,1417 1158,1390 1507,1466 1675,1409 1859,1452 1928,1390 2191,1398 2191,1277 2002,1310 1706,1248 1663,1281 1163,1270 1054,1315 952,1263 649,1293"/>
                <Baseline points="663,1403 739,1393 816,1389 893,1386 970,1386 1046,1386 1123,1386 1200,1381 1277,1384 1353,1386 1430,1383 1507,1380 1584,1380 1660,1380 1737,1385 1814,1386 1891,1389 1967,1392 2044,1393 2121,1397 2198,1397"/>
                <TextEquiv>
                    <Unicode>Das wais ich ſicherleich wol</Unicode>
                </TextEquiv>
            </TextLine>
            <TextLine id="tr_1_tl_6" custom="readingOrder {index:5;} abbrev {offset:17; length:7;expansion:vntrewen;}">
                <Coords points="621,1582 772,1549 1064,1618 1329,1599 1433,1544 1499,1575 2070,1533 2269,1592 2269,1407 2148,1459 1992,1409 1859,1450 1580,1424 1523,1471 1255,1462 1128,1409 621,1433"/>
                <Baseline points="633,1541 715,1537 797,1535 879,1533 961,1529 1043,1530 1125,1535 1208,1535 1290,1535 1372,1540 1454,1536 1536,1535 1618,1531 1700,1532 1783,1532 1865,1531 1947,1533 2029,1530 2111,1535 2193,1535 2276,1529"/>
                <TextEquiv>
                    <Unicode>Seid ich pin gar vntrew̅ vol</Unicode>
                </TextEquiv>
            </TextLine>
            <TextLine id="tr_1_tl_7" custom="readingOrder {index:6;}">
                <Coords points="656,1710 895,1684 993,1736 1263,1701 1478,1760 1620,1696 1912,1767 2307,1727 2307,1637 2096,1573 1964,1608 1886,1563 1755,1592 1464,1552 1068,1618 857,1566 656,1578"/>
                <Baseline points="669,1684 751,1678 833,1678 915,1678 997,1678 1079,1678 1161,1681 1244,1684 1326,1684 1408,1685 1490,1689 1572,1684 1654,1690 1736,1690 1819,1690 1901,1685 1983,1688 2065,1690 2147,1693 2229,1696 2312,1690"/>
                <TextEquiv>
                    <Unicode>Dauon rat ich vrawen eua</Unicode>
                </TextEquiv>
            </TextLine>
            <TextLine id="tr_1_tl_8" custom="readingOrder {index:7;}">
                <Coords points="644,1869 921,1895 1142,1848 1251,1895 1324,1848 1530,1900 2307,1848 2307,1736 2224,1727 1983,1767 1774,1717 1447,1760 1272,1703 801,1741 644,1708"/>
                <Baseline points="657,1840 739,1834 822,1839 905,1840 988,1836 1070,1834 1153,1834 1236,1837 1319,1840 1401,1838 1484,1835 1567,1840 1650,1840 1732,1840 1815,1840 1898,1840 1981,1835 2063,1834 2146,1838 2229,1843 2312,1846"/>
                <TextEquiv>
                    <Unicode>Daʒ ſy nicht payd lenger da</Unicode>
                </TextEquiv>
            </TextLine>
            <TextLine id="tr_1_tl_9" custom="readingOrder {index:8;}">
                <Coords points="637,2021 1265,2002 1353,2047 1523,2011 1691,2066 1803,2016 2241,2021 2241,1857 1933,1919 1694,1857 1582,1926 1459,1878 1267,1935 1111,1859 779,1900 637,1871"/>
                <Baseline points="651,2001 730,2000 810,1995 890,1995 970,1995 1049,1991 1129,1989 1209,1992 1289,1995 1368,1995 1448,1995 1528,1995 1608,1990 1687,1989 1767,1989 1847,1989 1927,1992 2006,1993 2086,1989 2166,1988 2246,1983"/>
                <TextEquiv>
                    <Unicode>Peleibent in dem paradeis</Unicode>
                </TextEquiv>
            </TextLine>
            <TextLine id="tr_1_tl_10" custom="readingOrder {index:9;}">
                <Coords points="644,2198 850,2165 1004,2217 1156,2182 1303,2246 1627,2158 2224,2179 2402,2139 2404,2039 1803,2016 1691,2066 1499,2011 1357,2061 1201,2018 1106,2070 988,2035 867,2077 647,2028"/>
                <Baseline points="657,2168 744,2165 832,2159 919,2158 1007,2160 1094,2156 1182,2156 1269,2156 1357,2156 1444,2154 1532,2150 1619,2150 1707,2149 1794,2144 1882,2144 1969,2144 2057,2144 2144,2144 2232,2138 2319,2132 2407,2126"/>
                <TextEquiv>
                    <Unicode>Wie ſtark ſy ſind vnd wie weis</Unicode>
                </TextEquiv>
            </TextLine>
            <TextLine id="tr_1_tl_11" custom="readingOrder {index:10;}">
                <Coords points="602,2340 926,2333 1045,2378 1163,2328 1298,2369 1511,2326 1736,2376 1966,2324 2080,2381 2127,2369 2130,2248 1838,2170 1679,2248 604,2203"/>
                <Baseline points="615,2312 690,2317 766,2318 842,2318 918,2318 994,2318 1070,2317 1145,2312 1221,2312 1297,2308 1373,2306 1449,2306 1525,2306 1601,2306 1676,2306 1752,2306 1828,2306 1904,2306 1980,2304 2056,2300 2132,2300"/>
                <TextEquiv>
                    <Unicode>Seid ſi mit iren ſinnen</Unicode>
                </TextEquiv>
            </TextLine>
            <TextLine id="tr_1_tl_12" custom="readingOrder {index:11;} abbrev {offset:19; length:9;expansion:gewinnen;}">
                <Coords points="666,2497 1023,2482 1376,2546 1523,2487 1660,2537 1935,2520 2025,2468 2442,2504 2445,2345 2409,2336 2205,2383 1535,2371 1386,2328 1123,2400 969,2343 670,2347"/>
                <Baseline points="681,2485 769,2477 857,2473 946,2473 1034,2473 1123,2473 1211,2473 1299,2472 1388,2467 1476,2467 1565,2467 1653,2467 1741,2466 1830,2461 1918,2461 2007,2455 2095,2455 2183,2449 2272,2449 2360,2449 2449,2455"/>
                <TextEquiv>
                    <Unicode>Wellent vnſer chor gewinn̅e̅</Unicode>
                </TextEquiv>
            </TextLine>
            <TextLine id="tr_1_tl_13" custom="readingOrder {index:12;}">
                <Coords points="668,2639 1393,2634 1634,2729 1751,2677 1961,2726 2390,2670 2390,2551 2172,2506 1777,2544 1530,2499 1239,2572 990,2487 666,2504"/>
                <Baseline points="681,2634 766,2628 852,2633 938,2634 1023,2634 1109,2639 1195,2636 1280,2634 1366,2634 1452,2634 1538,2634 1623,2637 1709,2640 1795,2640 1880,2640 1966,2640 2052,2642 2137,2648 2223,2653 2309,2658 2395,2652"/>
                <TextEquiv>
                    <Unicode>Als du mir ſelber haſt geſait</Unicode>
                </TextEquiv>
            </TextLine>
            <TextLine id="tr_1_tl_14" custom="readingOrder {index:13;}">
                <Coords points="649,2838 1191,2845 1390,2916 1549,2821 1753,2897 2068,2852 2148,2906 2371,2850 2371,2734 1383,2691 1222,2755 1000,2693 822,2741 737,2672 647,2677"/>
                <Baseline points="663,2813 748,2807 834,2812 920,2818 1005,2814 1091,2813 1177,2813 1262,2813 1348,2813 1434,2813 1520,2816 1605,2816 1691,2810 1777,2810 1862,2815 1948,2821 2034,2827 2119,2833 2205,2837 2291,2838 2377,2849"/>
                <TextEquiv>
                    <Unicode>Daʒ han ich für ein warhait</Unicode>
                </TextEquiv>
            </TextLine>
            <TextLine id="tr_1_tl_15" custom="readingOrder {index:14;}">
                <Coords points="637,3023 770,3046 910,2978 1196,3051 1592,2992 1774,3079 1914,3025 2077,3068 2312,3039 2310,2904 2115,2930 1961,2873 1675,2871 1336,2914 1158,2847 1045,2904 891,2904 635,2859"/>
                <Baseline points="651,2975 734,2975 817,2980 901,2976 984,2979 1067,2981 1151,2981 1234,2981 1317,2981 1401,2981 1484,2979 1567,2975 1651,2974 1734,2970 1817,2975 1901,2986 1984,2992 2067,2998 2151,2999 2234,2999 2318,3005"/>
                <TextEquiv>
                    <Unicode>Sy wellent mit irn wicʒen</Unicode>
                </TextEquiv>
            </TextLine>
            <TextLine id="tr_1_tl_16" custom="readingOrder {index:15;}">
                <Coords points="606,3203 1092,3233 1341,3155 1556,3210 1772,3195 1774,3056 1708,3041 1592,3070 1419,3015 1286,3053 1116,3020 943,3070 701,3027 609,3065"/>
                <Baseline points="621,3154 682,3145 743,3142 804,3143 865,3147 926,3148 987,3147 1048,3143 1109,3142 1170,3143 1231,3147 1292,3145 1353,3142 1414,3142 1475,3142 1536,3142 1597,3142 1658,3138 1719,3134 1780,3130"/>
                <TextEquiv>
                    <Unicode>Unſer chor beſicʒen</Unicode>
                </TextEquiv>
            </TextLine>
            <TextLine id="tr_1_tl_17" custom="readingOrder {index:16;}">
                <Coords points="637,3335 1345,3328 1466,3385 2193,3390 2191,3238 1971,3203 1921,3243 1788,3207 1419,3240 637,3203"/>
                <Baseline points="651,3309 728,3314 805,3311 883,3309 960,3309 1037,3309 1115,3309 1192,3309 1269,3309 1347,3314 1424,3315 1501,3312 1579,3309 1656,3309 1733,3309 1811,3309 1888,3314 1965,3315 2043,3318 2120,3321 2198,3327"/>
                <TextEquiv>
                    <Unicode>Dauon wir verſtoʒʒen ſein</Unicode>
                </TextEquiv>
            </TextLine>
            <TextLine id="tr_1_tl_18" custom="readingOrder {index:17;}">
                <Coords points="597,3553 775,3501 853,3553 1111,3496 1222,3551 1511,3510 1587,3548 1796,3513 1888,3579 2193,3548 2193,3418 2068,3375 1485,3394 1348,3328 1113,3394 767,3390 713,3347 597,3380"/>
                <Baseline points="609,3512 688,3504 767,3494 847,3494 926,3489 1006,3488 1085,3488 1165,3488 1244,3486 1324,3483 1403,3482 1482,3477 1562,3482 1641,3487 1721,3485 1800,3486 1880,3491 1959,3494 2039,3494 2118,3495 2198,3500"/>
                <TextEquiv>
                    <Unicode>Von dem heiligen trechtein</Unicode>
                </TextEquiv>
            </TextLine>
            <TextLine id="tr_1_tl_19" custom="readingOrder {index:18;}">
                <Coords points="637,3698 824,3743 902,3674 1426,3662 1552,3736 1649,3676 1720,3714 1769,3672 1912,3709 2021,3676 2333,3757 2350,3544 2063,3586 1492,3534 1402,3589 1173,3570 1094,3518 635,3555"/>
                <Baseline points="651,3680 736,3663 821,3662 907,3662 992,3662 1078,3657 1163,3652 1248,3650 1334,3650 1419,3650 1505,3653 1590,3656 1675,3656 1761,3658 1846,3662 1932,3664 2017,3669 2102,3674 2188,3674 2273,3675 2359,3686"/>
                <TextEquiv>
                    <Unicode>Ich wil ir trachten vnderſtan</Unicode>
                </TextEquiv>
            </TextLine>
            <TextLine id="tr_1_tl_20" custom="readingOrder {index:19;}">
                <Coords points="637,3854 689,3882 865,3830 1068,3887 1196,3842 1355,3854 1599,3937 1843,3859 2265,3918 2279,3771 2066,3698 2011,3740 1935,3700 1741,3762 1525,3719 1452,3754 1173,3681 997,3750 635,3724"/>
                <Baseline points="651,3835 732,3830 814,3829 896,3829 978,3825 1060,3823 1142,3823 1223,3823 1305,3823 1387,3824 1469,3829 1551,3829 1633,3829 1715,3829 1796,3829 1878,3833 1960,3842 2042,3850 2124,3853 2206,3857 2288,3865"/>
                <TextEquiv>
                    <Unicode>Ir vrewd mus ein end han</Unicode>
                </TextEquiv>
            </TextLine>
            <TextLine id="tr_1_tl_21" custom="readingOrder {index:20;}">
                <Coords points="578,4020 760,4081 959,4010 1194,4065 1355,4032 1514,4086 1623,4020 1888,4074 1994,4008 2217,4029 2217,3873 2044,3923 1822,3871 1604,3937 1208,3878 794,3906 720,3863 578,3899"/>
                <Baseline points="591,4002 672,4007 754,4008 835,4008 917,4004 998,3999 1080,3999 1161,4002 1243,4002 1324,4002 1406,4002 1488,4002 1569,4007 1651,4003 1732,4002 1814,4002 1895,4005 1977,4008 2058,4006 2140,4004 2222,4014"/>
                <TextEquiv>
                    <Unicode>Sy mueʒʒen eʒʒen den tod</Unicode>
                </TextEquiv>
            </TextLine>
            <TextLine id="tr_1_tl_22" custom="readingOrder {index:21;}">
                <Coords points="640,4226 779,4171 919,4242 1068,4193 1246,4231 1315,4190 1409,4257 1689,4178 1824,4245 1895,4202 2414,4202 2411,4100 2333,4070 1987,4107 1833,4053 1653,4098 1587,4048 1514,4088 1353,4032 1274,4086 1073,4098 637,4036"/>
                <Baseline points="651,4182 739,4170 827,4170 916,4170 1004,4164 1093,4164 1181,4170 1269,4175 1358,4171 1446,4165 1535,4169 1623,4170 1711,4170 1800,4165 1888,4169 1977,4170 2065,4175 2153,4176 2242,4181 2330,4186 2419,4193"/>
                <TextEquiv>
                    <Unicode>Ich pring ſy ſchier in gros not</Unicode>
                </TextEquiv>
            </TextLine>
            <TextLine id="tr_1_tl_23" custom="readingOrder {index:22;}">
                <Coords points="860,4441 1004,4370 1128,4358 1229,4408 1480,4325 1822,4411 1994,4332 2108,4356 2108,4261 1912,4207 1777,4273 1514,4200 1419,4257 1291,4202 1175,4247 1075,4197 1014,4238 860,4228"/>
                <Baseline points="872,4343 934,4343 996,4340 1058,4337 1120,4337 1182,4337 1244,4337 1306,4337 1368,4333 1430,4329 1493,4325 1555,4330 1617,4331 1679,4331 1741,4331 1803,4334 1865,4336 1927,4332 1989,4331 2051,4331 2114,4331"/>
                <TextEquiv>
                    <Unicode>DO lucifer do erhort</Unicode>
                </TextEquiv>
            </TextLine>
            <TextLine id="tr_1_tl_24" custom="readingOrder {index:23;}">
                <Coords points="865,4524 1144,4562 1656,4494 1755,4543 1864,4484 2009,4555 2158,4475 2504,4494 2504,4385 2125,4332 1772,4418 1677,4361 1473,4351 1293,4427 1004,4368 865,4456"/>
                <Baseline points="878,4474 959,4490 1041,4492 1122,4492 1204,4492 1285,4489 1367,4486 1448,4484 1530,4482 1611,4485 1693,4480 1775,4480 1856,4474 1938,4474 2019,4474 2101,4474 2182,4474 2264,4474 2345,4474 2427,4476 2509,4486"/>
                <TextEquiv>
                    <Unicode>Sathanas des tewphels wort</Unicode>
                </TextEquiv>
            </TextLine>
            <TextLine id="tr_1_tl_25" custom="readingOrder {index:24;}">
                <Coords points="680,4697 751,4666 893,4714 1040,4652 1218,4730 1369,4659 1469,4695 1580,4647 2054,4709 2222,4666 2300,4723 2430,4688 2407,4489 2018,4586 1663,4496 1402,4550 1213,4524 1139,4574 981,4512 827,4567 680,4553"/>
                <Baseline points="693,4642 780,4648 867,4653 954,4643 1041,4647 1129,4648 1216,4648 1303,4652 1390,4649 1477,4643 1565,4642 1652,4642 1739,4642 1826,4642 1913,4642 2001,4642 2088,4642 2175,4642 2262,4642 2349,4642 2437,4648"/>
                <TextEquiv>
                    <Unicode>Er ſprach geſell lieber chnecht</Unicode>
                </TextEquiv>
            </TextLine>
            <TextLine id="tr_1_tl_26" custom="readingOrder {index:25;}">
                <Coords points="661,4851 1090,4813 1592,4861 1708,4820 1810,4877 1938,4835 2092,4910 2276,4868 2542,4944 2518,4671 2276,4728 2006,4688 1928,4730 1632,4657 1305,4747 1120,4709 1028,4752 905,4704 824,4738 661,4702"/>
                <Baseline points="675,4815 768,4803 862,4809 955,4809 1049,4809 1142,4810 1236,4815 1329,4815 1423,4815 1516,4815 1610,4812 1703,4812 1797,4815 1890,4815 1984,4815 2077,4815 2171,4815 2264,4815 2358,4815 2451,4820 2545,4827"/>
                <TextEquiv>
                    <Unicode>Wirbe mir vnd die potſchaſt recht</Unicode>
                </TextEquiv>
            </TextLine>
            <TextLine id="tr_1_tl_27" custom="readingOrder {index:26;}">
                <Coords points="614,4977 843,5024 1094,4986 1203,5055 1459,4977 2021,5022 2018,4899 1848,4896 1739,4823 1518,4908 1350,4851 1189,4880 1087,4816 976,4896 834,4896 732,4839 611,4868"/>
                <Baseline points="627,4964 696,4969 766,4970 836,4972 906,4976 976,4976 1046,4976 1116,4976 1186,4977 1256,4982 1326,4977 1395,4976 1465,4976 1535,4977 1605,4981 1675,4978 1745,4976 1815,4976 1885,4976 1955,4976 2025,4982"/>
                <TextEquiv>
                    <Unicode>Do gib ich dir cʒelone</Unicode>
                </TextEquiv>
            </TextLine>
            <TextLine id="tr_1_tl_28" custom="readingOrder {index:27;}">
                <Coords points="649,5223 969,5256 1120,5207 1298,5244 1450,5214 1649,5256 1743,5192 1796,5221 1961,5164 1961,5022 1900,5010 1713,5053 1601,5000 1426,5050 1303,5008 1139,5071 649,4977"/>
                <Baseline points="663,5131 728,5135 793,5137 858,5137 923,5137 988,5137 1053,5135 1118,5131 1183,5131 1248,5131 1314,5131 1379,5131 1444,5131 1509,5131 1574,5131 1639,5131 1704,5131 1769,5133 1834,5137 1899,5137 1965,5137"/>
                <TextEquiv>
                    <Unicode>Die fewrinn chrone</Unicode>
                </TextEquiv>
            </TextLine>
            <TextEquiv>
                <Unicode></Unicode>
            </TextEquiv>
        </TextRegion>
        <TextRegion orientation="0.0" id="tr_2" custom="readingOrder {index:1;}">
            <Coords points="2592,709 2592,3489 4558,3489 4558,709"/>
            <TextLine id="tr_2_tl_1" custom="readingOrder {index:0;}">
                <Coords points="2584,839 2821,782 3172,812 3224,767 3503,867 3923,808 4145,888 4290,824 4444,831 4441,685 4375,670 4231,708 3560,659 3515,701 3134,632 2928,659 2767,590 2580,580"/>
                <Baseline points="2598,788 2690,788 2783,782 2875,782 2968,782 3061,783 3153,787 3246,783 3338,788 3431,790 3524,794 3616,796 3709,800 3801,800 3894,800 3987,803 4079,806 4172,809 4264,812 4357,816 4450,824"/>
                <TextEquiv>
                    <Unicode>Vnd tünd dir ſicherleich chund</Unicode>
                </TextEquiv>
            </TextLine>
            <TextLine id="tr_2_tl_2" custom="readingOrder {index:1;}">
                <Coords points="2580,988 2809,948 2930,985 3150,952 3236,1009 3390,950 3700,1016 3956,969 4171,1019 4295,969 4413,990 4382,836 4226,891 4029,888 3901,824 3667,867 3200,810 2580,853"/>
                <Baseline points="2592,937 2683,937 2774,937 2866,937 2957,937 3049,931 3140,931 3231,932 3323,937 3414,938 3506,943 3597,943 3688,943 3780,943 3871,945 3963,949 4054,949 4145,949 4237,951 4328,957 4420,961"/>
                <TextEquiv>
                    <Unicode>Vnd ſecʒ dich in der helle grund</Unicode>
                </TextEquiv>
            </TextLine>
            <TextLine id="tr_2_tl_3" custom="readingOrder {index:2;}">
                <Coords points="2608,1101 2930,1144 3056,1087 3390,1130 3534,1097 3859,1158 4100,1149 4115,1021 3953,971 3693,1026 3394,952 3312,1009 3155,952 2980,1000 2717,959 2606,985"/>
                <Baseline points="2622,1099 2697,1089 2772,1087 2847,1087 2922,1085 2997,1081 3072,1081 3147,1081 3222,1081 3297,1081 3372,1083 3447,1087 3522,1087 3597,1087 3672,1091 3747,1096 3822,1099 3897,1099 3972,1099 4047,1104 4122,1111"/>
                <TextEquiv>
                    <Unicode>Vnd gib dir lieber geſelle</Unicode>
                </TextEquiv>
            </TextLine>
            <TextLine id="tr_2_tl_4" custom="readingOrder {index:3;}">
                <Coords points="2596,1336 2693,1348 2975,1244 3105,1305 3184,1272 3553,1317 3714,1279 3840,1319 4062,1300 4060,1137 3544,1173 3143,1111 3006,1161 2594,1099"/>
                <Baseline points="2610,1248 2682,1248 2755,1248 2828,1245 2901,1241 2974,1236 3047,1236 3120,1232 3193,1233 3266,1236 3339,1236 3411,1236 3484,1236 3557,1236 3630,1236 3703,1237 3776,1242 3849,1247 3922,1248 3995,1253 4068,1260"/>
                <TextEquiv>
                    <Unicode>Halb mein grimige helle</Unicode>
                </TextEquiv>
            </TextLine>
            <TextLine id="tr_2_tl_5" custom="readingOrder {index:4;}">
                <Coords points="2968,1457 3084,1424 3252,1471 3338,1412 3418,1454 3631,1412 3842,1495 4027,1426 4411,1445 4380,1308 4181,1336 4060,1284 3840,1319 3695,1281 3553,1319 3461,1281 3345,1331 3188,1270 2968,1303"/>
                <Baseline points="2615,1400 3052,1414 3124,1411 3196,1407 3267,1403 3339,1403 3411,1403 3482,1403 3554,1403 3626,1403 3698,1403 3769,1403 3841,1407 3913,1407 3984,1403 4056,1403 4128,1403 4199,1403 4271,1403 4343,1403 4415,1403"/>
                <TextEquiv>
                    <Unicode>DO ſprach es her ſathanas</Unicode>
                </TextEquiv>
            </TextLine>
            <TextLine id="tr_2_tl_6" custom="readingOrder {index:5;}">
                <Coords points="2921,1618 3143,1575 3203,1632 3347,1594 3518,1637 3646,1580 3934,1642 4098,1592 4555,1630 4553,1483 4377,1511 4145,1419 3842,1495 3383,1431 3281,1488 3131,1488 3034,1426 2921,1424"/>
                <Baseline points="2933,1565 3014,1560 3095,1559 3176,1559 3258,1559 3339,1559 3420,1559 3501,1561 3583,1565 3664,1565 3745,1565 3826,1559 3908,1559 3989,1564 4070,1565 4151,1569 4233,1571 4314,1571 4395,1573 4476,1577 4558,1571"/>
                <TextEquiv>
                    <Unicode>Dem alſo gar verpflucht was</Unicode>
                </TextEquiv>
            </TextLine>
            <TextLine id="tr_2_tl_7" custom="readingOrder {index:6;}">
                <Coords points="2580,1734 3065,1765 3406,1734 3693,1765 3771,1817 4268,1755 4373,1791 4373,1632 4273,1606 4202,1632 4148,1597 4039,1656 3764,1618 3719,1663 3558,1668 3378,1601 3207,1634 3134,1573 3013,1582 2847,1672 2580,1611"/>
                <Baseline points="2592,1714 2681,1720 2770,1714 2860,1720 2949,1720 3038,1720 3128,1726 3217,1720 3306,1726 3396,1726 3485,1726 3574,1726 3664,1726 3753,1732 3842,1738 3932,1738 4021,1732 4110,1732 4200,1726 4289,1726 4379,1732"/>
                <TextEquiv>
                    <Unicode>Die gab die du mir haſt gelobt</Unicode>
                </TextEquiv>
            </TextLine>
            <TextLine id="tr_2_tl_8" custom="readingOrder {index:7;}">
                <Coords points="2603,1876 2717,1933 2783,1907 2989,1959 3447,1883 3807,1940 4143,1912 4280,1973 4503,1921 4501,1800 3771,1819 3584,1755 3290,1810 3167,1767 2985,1819 2906,1767 2788,1798 2601,1762"/>
                <Baseline points="2616,1875 2710,1881 2805,1881 2900,1881 2994,1881 3089,1879 3184,1875 3278,1875 3373,1875 3468,1878 3563,1881 3657,1885 3752,1887 3847,1891 3941,1893 4036,1893 4131,1893 4225,1899 4320,1899 4415,1905 4510,1905"/>
                <TextEquiv>
                    <Unicode>Verſmacht mir die cʒwar ich tobt</Unicode>
                </TextEquiv>
            </TextLine>
            <TextLine id="tr_2_tl_9" custom="readingOrder {index:8;} abbrev {offset:24; length:4;expansion:werlt;}">
                <Coords points="2596,2061 2821,2056 2883,2096 3217,2037 3323,2103 3591,2058 3897,2101 4053,2070 4290,2137 4467,2096 4434,1931 4245,1973 4117,1912 3987,1966 3430,1900 2987,1957 2594,1895"/>
                <Baseline points="2610,2037 2703,2031 2796,2025 2889,2026 2982,2031 3076,2030 3169,2025 3262,2027 3355,2031 3448,2031 3542,2033 3635,2037 3728,2037 3821,2037 3914,2040 4008,2047 4101,2049 4194,2049 4287,2053 4380,2055 4474,2067"/>
                <TextEquiv>
                    <Unicode>Wann in die hell chümpt w'lt vil</Unicode>
                </TextEquiv>
            </TextLine>
            <TextLine id="tr_2_tl_10" custom="readingOrder {index:9;}">
                <Coords points="2599,2208 3046,2250 3200,2210 3290,2250 3447,2170 3636,2177 3792,2227 3908,2191 4053,2276 4209,2210 4413,2238 4411,2092 4287,2137 4048,2070 3899,2101 3589,2058 3326,2106 3229,2056 3034,2108 2947,2063 2805,2108 2717,2054 2594,2061"/>
                <Baseline points="2610,2174 2700,2174 2791,2180 2881,2162 2972,2168 3062,2168 3153,2168 3243,2168 3334,2168 3424,2168 3515,2169 3605,2174 3696,2175 3786,2180 3877,2182 3967,2192 4058,2193 4148,2199 4239,2205 4329,2211 4420,2222"/>
                <TextEquiv>
                    <Unicode>Die ich gern mit dir tailn wil</Unicode>
                </TextEquiv>
            </TextLine>
            <TextLine id="tr_2_tl_11" custom="readingOrder {index:10;}">
                <Coords points="2914,2373 3056,2411 3477,2340 3624,2383 3875,2366 3963,2418 4107,2364 4266,2407 4486,2371 4484,2248 4209,2212 4039,2276 3728,2189 3259,2279 3098,2227 2911,2236"/>
                <Baseline points="2927,2335 3005,2335 3083,2331 3161,2329 3240,2327 3318,2324 3396,2324 3474,2324 3553,2324 3631,2324 3709,2324 3787,2324 3866,2326 3944,2329 4022,2332 4100,2341 4179,2341 4257,2346 4335,2351 4413,2353 4492,2359"/>
                <TextEquiv>
                    <Unicode>DO für er cʒu dem paradeis</Unicode>
                </TextEquiv>
            </TextLine>
            <TextLine id="tr_2_tl_12" custom="readingOrder {index:11;}">
                <Coords points="2842,2556 3131,2509 3463,2556 3555,2509 3861,2570 4020,2525 4145,2565 4290,2504 4290,2397 4105,2378 3977,2430 3563,2359 3456,2416 3347,2369 3041,2409 2985,2364 2842,2416"/>
                <Baseline points="2855,2503 2927,2499 2999,2494 3071,2489 3143,2485 3215,2485 3287,2480 3359,2479 3431,2481 3503,2485 3575,2485 3647,2480 3719,2479 3791,2481 3863,2485 3935,2485 4007,2494 4079,2493 4151,2491 4223,2491 4295,2491"/>
                <TextEquiv>
                    <Unicode>In einer ſlangen weis</Unicode>
                </TextEquiv>
            </TextLine>
            <TextLine id="tr_2_tl_13" custom="readingOrder {index:12;}">
                <Coords points="2596,2693 3300,2639 3567,2703 3641,2658 3925,2677 3944,2546 3702,2577 3546,2516 3257,2582 3122,2527 2831,2582 2594,2482"/>
                <Baseline points="2610,2640 2680,2640 2750,2640 2821,2640 2891,2640 2962,2640 3032,2640 3103,2640 3173,2640 3244,2640 3314,2635 3385,2638 3455,2640 3526,2641 3596,2646 3667,2651 3737,2652 3808,2652 3878,2652 3949,2652"/>
                <TextEquiv>
                    <Unicode>Hey wie er vmb rant</Unicode>
                </TextEquiv>
            </TextLine>
            <TextLine id="tr_2_tl_14" custom="readingOrder {index:13;}">
                <Coords points="2627,2802 2944,2876 3098,2816 3210,2864 3307,2821 3390,2869 3579,2814 3719,2852 4169,2840 4169,2691 3804,2715 3615,2665 3567,2700 3366,2639 3169,2710 2999,2670 2866,2722 2627,2689"/>
                <Baseline points="2640,2795 2716,2786 2793,2788 2870,2790 2947,2790 3024,2788 3100,2784 3177,2784 3254,2784 3331,2784 3408,2784 3484,2786 3561,2790 3638,2791 3715,2795 3792,2795 3868,2795 3945,2795 4022,2798 4099,2801 4176,2801"/>
                <TextEquiv>
                    <Unicode>Vncʒ er vrawen eva uant</Unicode>
                </TextEquiv>
            </TextLine>
            <TextLine id="tr_2_tl_15" custom="readingOrder {index:14;}">
                <Coords points="2615,2978 3136,3039 3222,2982 3565,3004 3636,2961 3698,3011 4001,3018 4081,2996 4079,2835 3747,2869 3648,2833 3423,2883 3276,2842 2613,2845"/>
                <Baseline points="2628,2945 2700,2945 2773,2945 2846,2948 2919,2950 2992,2945 3065,2945 3138,2945 3211,2945 3284,2945 3357,2945 3429,2945 3502,2950 3575,2951 3648,2951 3721,2952 3794,2957 3867,2952 3940,2951 4013,2956 4086,2963"/>
                <TextEquiv>
                    <Unicode>Do er vrawen eva erſach</Unicode>
                </TextEquiv>
            </TextLine>
            <TextLine id="tr_2_tl_16" custom="readingOrder {index:15;}">
                <Coords points="2606,3158 2764,3113 3591,3122 3745,3188 4034,3176 4209,3240 4444,3167 4441,2987 4325,2951 4001,3018 3698,3011 3638,2963 3257,3044 2603,2996"/>
                <Baseline points="2616,3094 2707,3094 2799,3100 2891,3106 2982,3112 3074,3112 3166,3112 3257,3111 3349,3107 3441,3111 3533,3107 3624,3112 3716,3112 3808,3112 3899,3112 3991,3112 4083,3114 4174,3118 4266,3118 4358,3121 4450,3130"/>
                <TextEquiv>
                    <Unicode>Ein wort er wider ſy do ſprach</Unicode>
                </TextEquiv>
            </TextLine>
            <TextLine id="tr_2_tl_17" custom="readingOrder {index:16;}">
                <Coords points="2608,3283 2800,3288 2933,3347 3262,3285 3541,3323 3674,3281 3672,3181 3444,3134 3148,3193 3032,3155 2802,3172 2717,3120 2606,3158"/>
                <Baseline points="2622,3267 2674,3267 2727,3266 2780,3262 2833,3263 2886,3267 2939,3267 2992,3268 3045,3271 3098,3271 3151,3268 3203,3270 3256,3273 3309,3273 3362,3273 3415,3273 3468,3273 3521,3273 3574,3273 3627,3275 3680,3279"/>
                <TextEquiv>
                    <Unicode>Sanſt vnd leiſe</Unicode>
                </TextEquiv>
            </TextLine>
            <TextLine id="tr_2_tl_18" custom="readingOrder {index:17;}">
                <Coords points="2627,3458 3468,3439 3754,3522 3927,3439 4361,3456 4335,3283 3747,3359 3465,3309 3326,3373 3143,3319 3025,3364 2774,3309 2625,3335"/>
                <Baseline points="2640,3447 2726,3441 2812,3441 2899,3436 2985,3435 3071,3435 3158,3435 3244,3439 3330,3441 3417,3441 3503,3441 3589,3441 3676,3441 3762,3441 3848,3438 3935,3438 4021,3441 4107,3441 4194,3441 4280,3441 4367,3453"/>
                <TextEquiv>
                    <Unicode>Seit ir vraw in dem paradeis</Unicode>
                </TextEquiv>
            </TextLine>
            <TextEquiv>
                <Unicode></Unicode>
            </TextEquiv>
        </TextRegion>
    </Page>
</PcGts>
