5105 5972
683 640 2675 940 Vnd was cʒewünſchen wolgeſtalt
708 863 2186 1100 Do gie die vraw alſo alt
698 1027 2418 1275 An ein venſter do ſi ſach ſtan
717 1197 2263 1401 Den engel alſo wolgetan
712 1333 2472 1560 Der engel was in der gepere
708 1488 2413 1716 Sain er ein junglink were
548 1631 2394 1861 ABraham enphie gutleich
1014 1798 2569 2040 Den engel alſo frewde̅ reich
771 1953 2258 2157 Da er in ſach vor im ſtan
741 2089 2312 2297 Den engel alſo wolgetan
761 2234 2258 2467 Do daucht er im cʒehant
756 2355 2481 2602 Mich hat got ſelb her geſant
751 2559 2491 2767 Vnd tut dir ſicherleich chunt
761 2728 1997 2917 Daʒ du an dir ſtund
766 2821 2404 3092 Chumeſt mit deinem leibe
746 2990 2195 3276 Ʒu deinem alten weibe
741 3136 2636 3392 So wirt dir da ein chind peka̅t
756 3305 2554 3543 Wann ſy hat ſer got gemant
741 3460 2317 3703 Vmb ein degen chindlein
780 3625 2292 3882 Daʒ ſi vil ſelig müs ſein
785 3746 2549 4032 Nu hat ſy got gewert ſchon
800 3940 2549 4197 Daʒ chind wirt der ern chron
800 4081 2602 4328 Wann es vil hailig weſen ſol
819 4231 2627 4541 Die red geviel der vrawe̅ wol
766 4410 2341 4706 Wann ſy lacht do genüg
790 4570 2423 4832 Wie gern ſy daʒ chind trüg
785 4720 2612 4992 Daʒ chünd ew nieman geſage̅
780 4861 2782 5122 Vor frewde̅ chund ſi nicht gedage̅
829 5030 2608 5341 Sy lacht ot alles fürſich dar
2675 606 4580 940 Von frewde̅ ward ſy wolgevar
2709 843 4483 1090 Wann ſy vor frewden ſprach
2680 1013 4192 1255 Do ſy den engel ane ſach
2661 1168 4459 1415 Wol mich diſer ſueʒʒen ſtund
2719 1313 4628 1560 Daʒ mir ein chind ſol weſen chūd
2714 1502 4478 1706 Daʒ enpewtet mir die gothait
2690 1653 4526 1871 Als vns der engel hat geſait
2680 1798 4400 2029 DO der engel het geſait
2869 1968 4473 2195 Abrahamen die warhait
2728 2118 4352 2389 Do nam er vrlob von dann
2719 2283 4110 2510 Do gie der heilig man
2743 2399 4231 2665 Cʒu ſeinem weib cʒehant
2733 2520 4652 2835 Er ſprach mir iſt das wol pecha̅t̅
2728 2709 4497 2971 Daʒ dir von mir an diſer ſtünd
2743 2888 4444 3199 Sol ein chind werden chünd
