5105 5984
630 697 2138 931 Vnd daʒ rüffen ane cʒal
625 866 1946 1082 Do ward ſy ſten ſtille
628 1037 2114 1246 Daʒ ſelb was gotes wille
625 1188 2501 1419 Sy ward ʒu einer ſalcʒ ſewl ʒeha̅t̅
652 1347 2388 1573 Daʒ wunder wolt der hailant
666 1496 2376 1722 Der werlt ercʒaigen gemaine
673 1664 2179 1866 Daʒ man ſein gepot raine
678 1811 2186 2047 Pehalten ſol ʒu aller ſtund
666 1984 2456 2198 Daʒ iſt ewch allen worde̅ chund
666 2121 2456 2357 Daʒ ſy cʒu einer ſalcʒ ſewl ward
673 2297 2496 2518 Daʒ geſchach an der ſelben vart
678 2463 2492 2701 Als ſy noch hewt vor vns ſtat
685 2605 2419 2850 Daʒ ſy gotes gepot vber trat
707 2780 2451 3033 Dauon ſy ny̅mer chömen mag
685 2956 2266 3179 Pis an den jungiſten tag
702 3100 2516 3300 Pey dem weib nyemand pelaib
2619 693 4461 933 Loth ſein töchter für ſich traib
2650 851 4517 1087 Do mit do giengen ſi in ein holcʒ
2648 1027 4416 1224 Do wurden ſy des nachtes ſtolcʒ
2655 1186 4389 1388 Wann ſy wein trugen mit in
2650 1323 4033 1532 Das was ein guter ſin
2638 1465 3937 1688 Speis heten ſy genuch
2667 1616 3913 1842 Swarn paide chluch
2653 1727 4307 2006 Die ain cʒu der andern ſprich
2674 1953 4084 2167 vnſer frewnt vngemach
2674 2107 3752 2297 Mut mich vil ſere
2662 2249 4250 2468 Daʒ chlag ich michels mere
2660 2403 4418 2646 Daʒ wir an frewnd ſullen ſein
2655 2559 4476 2809 Daʒ chlag ich liebe ſweſter mein
2672 2720 4603 2970 Wann es ſind frewnd mag vn̅ ros
2636 2886 4271 3129 Verſunken alle in dem mos
2667 3054 4432 3285 Wir ſullen mit vnſern ſinnen
2667 3203 4175 3425 Wider frewnt gewinnen
2638 3345 4098 3593 Pruder vnd ſweſterlein
2655 3521 4264 3776 Daʒ ſchaff ich mit dem wein
2648 3699 4428 3942 Die iunge cʒu der alten ſprach
2667 3850 4377 4093 Was mir cʒelaid ye geſchach
2674 4000 4442 4254 Des wildu mich ergecʒen wol
2653 4180 4389 4411 Wann du piſt weiſer red vol
2638 4346 4490 4582 Sag wie wildu es grieffe̅ an
2667 4529 4517 4755 Das wir an frewnt icht peſtan
2667 4661 4541 4889 Die alt der jungen antwurt do
2662 4829 4358 5055 Sweſter du ſolt weſen fro
2691 4981 4606 5255 Wir ſüllen mit diſen gute̅ wein
