5238 5972
686 506 2379 785 Daʒ cʒu dem erdreich dochte
715 717 2331 940 Als ſmal als ein hant prait
697 858 2492 1103 Alreſt wand ym von h'rʒe̅ lait
733 1017 2433 1273 Er hieʒ ſein̅e̅ ſun fur ſich gan
774 1174 2504 1428 Daʒ ward ym ſchier chu̅t̅ getan
697 1348 2068 1550 Do er ſy vor ym ſten ſach
770 1439 2343 1723 Ein wort er liepleich ſprach
726 1615 2352 1875 Nu höret lieben chind mein
742 1771 2558 2027 Jr ſult ewch lan enpholhen ſein
731 1925 2470 2206 Daʒ gepot daʒ ewch got hat geta̅
722 2136 2465 2349 Daʒ ſult ir laʒſen nicht cʒergan
726 2318 1961 2497 Das lobten ſy im ſtete
758 2413 2452 2663 Nach ſein̅e̅ veterleichem pete
697 2604 1968 2826 Swas er vor ſpreche
733 2751 2204 2983 Daʒ ir daʒ chainer preche
779 2860 2413 3135 Deʒ ſwurn ſy ym manigen ait
770 3062 2492 3301 Daʒ ward dem tewphel gar lait
740 3201 2547 3444 Der in der arch nicht ward peka̅t
756 3360 2154 3609 Wann er was ein valant
763 3509 2438 3700 Er gedacht wie er ir aller ayd
776 3643 2556 3895 Cʒeprech mit ſeiner chundichait
740 3811 2445 4036 Die er von in het vernomen
751 3961 2402 4195 Daʒ ſy für noe warn chom̅e̅
770 4104 2595 4331 Ich wil auch deʒ vil vleiʒʒig weſen
767 4265 2259 4483 Das ſy nymmer geneſen
776 4420 2191 4631 Noe vnd auch ſein kind
756 4567 2250 4781 Wann ich n̅y̅mer erwind
758 4697 2456 4935 Sy muſſen auch ertrinkchen
767 4835 2477 5073 Vnd in dem wag verſinkchen
776 4992 2547 5205 So iſt die werlt gar cʒergan
770 5112 2477 5357 Alreſt ſo wil ich vrewd han
2681 459 4240 745 Wann ich ſy dann verrate
2654 674 3925 899 Paide fru vnd ſpate
2674 810 4456 1085 Sy muſſen leiden groſſe ſcham
2699 967 4072 1149 Vnd auch ir gehorſam
2674 1115 4431 1335 Ʒe prechen daʒ iſt der wille mein
2699 1267 4365 1503 Dauon ſy verlorn müſſen ſein
2667 1428 4224 1664 Daʒ wil ich ſelben raten in
2685 1580 4324 1805 Wann ich auch verlorn pin
2701 1743 4077 1945 So ich ſy dann verrate
2690 1875 4265 2093 So var ich aws vil drate
2685 2011 4100 2254 Vnd laʒʒ ſy verſinkchen
2620 2172 4392 2384 Vnd in dem wag ertrinkche̅
2523 2295 4265 2689 Do mit fur der valant
2926 2474 4449 2688 Cʒu noe ſun do er in vant
2685 2640 3945 2840 Do er in erſt ane ſach
2710 2758 4311 2971 Wider in er gutleich ſprach
2710 2910 4299 3112 Wolteſt du nicht gern ſein
2770 3071 4285 3244 Pey der hawſfrawen dein
