5039 5991
615 692 2448 937 Ich dir des nicht von h'rcʒe̅ ga̅
704 875 2470 1103 Das chain erb vo̅ dir chome̅ ſol
682 1011 2443 1232 Das iſt vil v̈bel vnd nicht wol
670 1153 2422 1401 Vnd iſt das ye mein leib daran
678 1290 2109 1533 Chain ſchulde ye gewan
656 1456 2431 1665 Dar vmb mus ich trawrig ſein
665 1590 2395 1833 Ymmer pis auf daʒ end mein
682 1763 2407 1980 Ich mus mit meinen ſinnen
658 1893 2256 2119 An dir des werden innen
649 2054 2256 2278 Ob ich ſchuldig ſey dar an
673 2205 2508 2424 Daʒ ich nicht chind gewy̅ne̅ cha̅
665 2362 2374 2590 So ſprach abraham der güte
641 2535 2184 2744 Got es nicht ane ſach tut
661 2672 2306 2914 Dauon ſwas gotes wille ſey
661 2825 2299 3049 Do ſol mein wille weſen pey
670 2969 2328 3231 Die fraw ſprach lieber man
692 3154 2328 3368 Es ſol cʒwar nicht ſo ergan
658 3299 2304 3539 Ich han pey mir cʒway weib
649 3467 2340 3669 Die habent payd ſchöne̅ leib
680 3635 2386 3854 Die ſullen dir weſen vnderta̅
692 3779 2419 4000 Seinen willen ſoltn mit in han
658 3940 2443 4168 Ich mus es peſechen werleiche
678 4101 2023 4320 Ob got der vil reiche
658 4245 2352 4485 Mir erben well pey in geben
685 4380 2520 4642 So wil ich darnach nicht enlebe̅
637 4589 2568 4793 Wann mich dannoch nyempt nert
661 4731 2520 4942 Ob es von meinen ſchulden nert
680 4894 2210 5110 Iſt es aber die ſchuld dem
658 5052 2431 5302 So wil ich gar vnſchuldig ſein
2631 694 4118 985 Do der gut abraham
2840 896 4452 1127 Der vrawen red do vernam
2681 1047 4361 1300 Nu höret wie abraham tet
2667 1196 4130 1425 Do die vraw het getret
2672 1350 4005 1576 Er tracht mit ſinnen
2655 1506 4159 1706 Wie er möcht gewinnen
2669 1643 3957 1862 Die weiber alſo gute
2655 1811 4233 1987 Des was ym wol cʒe müte
2676 1951 4558 2179 Er warb vmb ſy v̈ncʒ an die cʒeit
2664 2095 4269 2323 Das in yegleiche cʒu ymir let
2667 2239 3945 2472 An ir arm beſunder
2648 2390 4250 2602 Daʒ was nicht ein wunder
2636 2539 4356 2770 Das yegleiche ein chind trueg
2648 2693 4442 2909 Des ward ſein hercʒ vro genuek
2667 2859 4452 3056 Sy trugen es nach vrawe̅ recht
2655 3001 4445 3207 Es wurden cʒwen ſchön chnecht
2648 3157 4339 3364 Des ward er hercʒenleich vro
2643 3318 4267 3520 Vnd lobt got von himel do
2551 3455 4356 3679 DArnach ſtund es vnlang
2845 3606 4524 3842 Daʒ abraha̅ ein veſt’ auf trak
2624 3767 4332 3986 Wann er ſach mein gertelein
2631 3894 4284 4130 Das was die chürcʒ weil ſein
2643 4058 4262 4274 Da chom an der ſelben ſtate
2633 4214 4483 4421 Ʒu abrahamen gegangen drate
2660 4370 4219 4582 Ein engel ſchön vnd chlar
2643 4514 4063 4731 Der het alſo ſchones har
2640 4663 4361 4887 Daʒ ich es nicht geſagen mag
2655 4812 4075 5040 Piſſ an den jungſten tag
2643 4959 4334 5182 Er was vil ſchön vnd chlar
2664 5105 4409 5360 Sein wengel warn roſen var
