5105 5972
607 555 2455 786 Vnd mawrten frue vnd ſpate
625 730 2262 944 Pis der turn ward ſo hoch
678 894 2312 1140 Daʒ man ſtain hoch auf cʒoch
648 1062 2211 1280 Vnd den morter gemaine
608 1217 2400 1428 Ir tagwerich daʒ was chlaine
660 1378 2269 1614 Daʒ triben ſy pis an die cʒeit
630 1534 2136 1757 Daʒ der turn was ſo weit
685 1692 2264 1965 Vnd an der hoch het die cʒal
678 1852 2071 2096 Der turn aller v̈ber al
703 2011 2502 2241 Fümftawſent chlaft’ was er hoch
673 2174 2477 2397 Vnd vier vnd ſibencʒig da̅noch
633 2347 1933 2565 Do das alles geſchach
685 2513 2430 2751 Ein ſtimm vo̅ de̅ himel ſprach
665 2671 2475 2892 Vil lieben chint wa welt ir hin
690 2836 1875 3072 Ir ſeit alle ane ſin
660 2999 2415 3255 Der turn wirt nicht ſo lankch
695 3175 2126 3396 Daʒ ir an gotes dankch
723 3313 2452 3557 Mugent gen dem himelreiche
685 3501 2043 3742 Daʒ wiſſet ſicherleiche
703 3624 2480 3883 Es mag an got nicht geſchehe̅
703 3830 2251 4069 Daʒ laʒ ich ew nu beſechen
671 4001 2457 4224 DO die ſtimm daʒ geſprach
928 4164 2671 4450 Die maiſter gewu̅ne̅ vngemach
670 4312 2400 4551 Daʒ was von groſſen vorichten
695 4480 2299 4714 Das ſi nicht mer worchten
673 4623 2159 4897 Vnd daʒ ſy ſtunden ſtille
715 4812 2038 5025 Das was gotes wille
705 4967 2292 5253 Welich maiſt’ vodert ſtain
2598 515 4355 763 Den pricht ma̅ ym vil chlain
2590 718 4460 929 Wann ſiech ir ſprach het verkert
2578 863 3946 1072 Als ſy got het gelert
2590 1014 4152 1232 Des na̅ ſy michel wunder
2598 1162 4096 1441 Yegleicher redt beſunder
2578 1355 3830 1546 Ainer vngeriſchen
2590 1534 3933 1734 Der ander rewſſiſchen
2570 1699 4199 1908 Der drit pehaimiſchen ret
2595 1835 4217 2043 Der vierd tewcʒ alda ʒeſtet
2613 1970 4320 2241 Der fümft redet chriechiſchen
2608 2151 3988 2395 Der ſechſt haideniſchen
2558 2314 4239 2568 Alſo het ſich ir red verchert
2613 2495 4254 2721 Als ſy got ſelber het gelert
2593 2671 4370 2904 In cʒw vnd ſibeneʒig cʒungen
2590 2834 3943 3060 Alſo was in gelungen
2578 2989 4307 3235 Swelich maiſter vodert ſtain
2626 3165 4347 3414 Der prach man ym vil chlain
2561 3331 3938 3564 Vnd ſwer reden pegan
2584 3519 4034 3737 Mit ſeinem werichman
2598 3665 4310 3888 Des chund er verneme̅ nicht
2638 3833 4654 4074 Das was ein wunderleich geſchicht
2605 4016 4347 4237 Gegen wen ein maiſter redt
2721 4182 4455 4390 Der werichma̅ ye ein anders tet
2638 4350 4330 4558 Wolt er ſtain er pracht ſant
2610 4485 4443 4716 Wann ym ſein red was vnkant
2661 4641 4179 4879 Da lieʒʒen ſy den turn ſten
2625 4797 4450 5015 Vnd pegunden an die erden gen
2658 4945 4483 5206 Chain mawrer cham hin wider
