5041 5991
608 667 2243 919 Sprach er lat die red ſtan
657 827 2477 1081 Nemet mein tochter die ich han
667 995 2421 1221 Die ſind cʒwo maget ſicherleich
655 1160 2509 1433 Mit den ſo wert ir frewde̅ reich
623 1295 2428 1556 Lat diſe poten genieſſen mein
630 1453 2401 1748 Darumb wil ich ewch holt ſein
667 1610 1936 1837 Mit der red er pelaib
616 1753 2386 1982 Vncʒ die nacht de̅ tag v'traib
665 1899 2381 2184 Die hürer giengen vo̅ im dan
670 2081 2362 2307 Des frewt ſich der gut man
640 2229 2403 2514 Darnach der engel widʼ in ſpʼch
611 2391 2256 2610 Wol auf lot genk enweg
640 2561 2357 2780 Vber den perch an eine̅ ſteg
643 2709 2448 2987 Du ſolt auch ny̅mer vmb ſehen
628 2866 2497 3174 Swas diſen ſteten mag geſcheh
628 3039 2374 3265 Daʒ enpewtet dir die gothait
653 3194 2527 3440 Tuſtu ſein nicht es wirt dir lait
660 3364 2160 3595 Ʒehant hub ſich dann lot
635 3519 2246 3768 Als ym der engel do gepot
616 3704 2194 3935 Von der ſtat auf ein haide
616 3851 2236 4075 Sein töchter nam er paide
635 4014 2224 4245 Vnd ſein hawſfrawen güt
633 4196 2105 4396 Ich ſag ew was ir tüt
655 4334 2440 4563 Ewr chaines ſol nicht vmbſehe̅
630 4506 2440 4738 Swas diſen ſteten ſulle geſcheh
589 4686 2238 4920 Schreyen ruffen vnd ſchal
635 4836 1938 5024 Hört ir alles v̈ber al
635 4969 2221 5220 Des ſult ir achten chlaine
2684 694 4277 926 Wann ſy ſind gar vnraine
2674 872 3967 1101 Do lobten ſy ym ſtete
2672 1029 3878 1234 Daʒ ſy es gern tete
2647 1175 4194 1369 Da mit gie der gut man
2660 1320 4487 1544 Auf einen hochen perch gegan
2647 1468 4442 1699 Do hört er ſchreyen rüffen vil
2660 1620 4127 1822 Da was chainerlay ſpil
2660 1778 4452 1995 Wann ach vnd we was in mit
2657 1931 4639 2155 Der engel fluchet nach gotes ſit
2655 2093 4206 2317 Die hewſer daʒ ſy ſunchen
2672 2266 4420 2482 Vnd in dem wag ertrunchen
2660 2403 3915 2627 Do daʒ ſchray er hort
2647 2566 3861 2783 Loth hie vnd dort
2660 2721 4248 2977 Do gie er alles für ſich hin
2655 2881 4191 3113 Do geſtund die vraw ſein
2665 3041 3713 3241 Vnd ſach den val
