5213 6005
801 2317 2429 2601 Du geſpoteſt nymmer mein
844 2484 2344 2737 Ich wil vrey vor dir ſein
1041 2632 2336 2875 DO weſt got der reich
975 2785 2264 3050 Daʒ mort ſicherleich
825 2975 2380 3183 Er ſprach ſag du mir cayn
806 3110 2426 3399 Wa iſt dein pruder abel hin
852 3300 1907 3494 Cayn antwurt do
820 3436 2669 3671 Wann er was trawrig vnd vnfro
820 3571 2594 3829 Er ſprach vil lieber her'e mein
810 3734 2720 3984 Sein hüter mag ich nicht geſeī
769 3884 2623 4180 Daʒ was ein ſtimm die da ſprach
798 4032 2327 4282 Vnd wider cayn veriach
963 4195 2569 4496 Aws den wolken ſprach ſi h'
1145 4384 2489 4620 deʒ erkam cayn vil ſer
939 4535 2472 4797 Sy ſprach waʒ haſt du getan
759 4709 2710 4962 Deines pruder plut rüffet mich an
808 4831 2521 5085 Warumb haſt du in erſlagen
808 5025 2625 5297 Sein ſünd muſt du für in tragen
2734 531 4464 820 Der fluech müʒʒ werden dein
2761 723 4241 985 Auf dem erdreich mein
2766 893 4348 1138 Cayn ward vnmaſſen laide
2734 1072 4416 1300 Pey der ſtimm auf der haide
2725 3033 4525 3239 Die paid warn die erſten kint
2715 3166 4231 3402 Die von eva geporn ſint
2759 3317 4273 3552 Es was vnpilleich genug
2744 3489 4513 3736 Daʒ ain pruder den ander ſlug
3028 3666 4316 3904 DJ ander chind beſunder
2938 3816 4573 4069 Die funden michel wunder
2739 3957 4273 4202 Weben ſmiden manigen liſt
2698 4120 4440 4404 Der manigen lewten frömd iſt
2742 4309 4190 4532 Cʒy̅mern vnd puchſstaben
2730 4442 4154 4671 Als wir ſye noch haben
2749 4590 4411 4816 Frömdes liſtes vil vnd genuk
2785 4758 4593 5003 Sy pawten das das erdreich trug
2737 4937 4137 5161 In wald in veld in werd
2744 5093 4457 5381 Vil manigen liſt man do vant
