5200 6005
4527 308 4761 530 21
796 418 2792 728 Vnd muſt da ſein finnftawſet̅ jar
858 617 2519 858 Nu hab ich ew geſaget gar
845 803 2616 1019 Von adams ſel vnd vo̅ de̅ leibe
848 962 2538 1186 Vnd auch von ſeinem weibe
870 1121 2715 1362 Die muſt auch leiden die ſelb not
808 1266 2364 1462 Ʒwar nach ir paider tot
629 1386 2568 2260 Danach wart got
1362 1638 2509 1932 Der welt gram.
1305 1862 2566 2113 Das ſi nicht was
1313 2021 2628 2290 gehorſam dauon
880 2166 2412 2476 wolt er gedenkchen
850 2465 2188 2673 Daʒ er ſi wolt ertrenken
865 2553 2670 2822 Vnd wolt auch des nicht en lan
855 2712 2536 2998 Es muſt vber die welt gan
843 2882 2516 3160 Daʒ waʒʒer viercʒig elen hoch
845 3058 2603 3337 Wann er eʒ ſchon dar v̈ber cʒoch
823 3195 2496 3501 Pey den cʒeiten lebt ein man
815 3344 2208 3575 Der was got vndertan
828 3503 2228 3727 Des genos er als er ſolt
808 3650 2143 3886 Das ym got was holt
798 3824 2238 4055 Wann er in mynnet ſer
801 3961 2444 4209 Deʒ gewan er frum vnd er
790 4125 2399 4336 Der ſelb was noe genant
796 4286 2384 4550 Ʒw im got ein engel ſant
811 4450 2066 4657 Ee daʒ waſſer chome
808 4592 2461 4838 Daʒ er ſein potſchaſt v̂neme
798 4771 1942 4972 Ob er leben wolte
813 4938 2021 5129 Wie er geparn ſolte
791 5060 2571 5323 Der engel cʒuchtichleich ſprach
2785 2456 4430 2675 Ich tün dir chunt vngemach
2772 2601 4289 2844 Den alle die welt leiden ſol
2770 2745 4460 2988 Darumb pewar du dich wol
2747 2914 4428 3158 Got wil des chainen rat han
2790 3068 4473 3299 Er wel die werlt lan cʒergan
2765 3202 4590 3456 Mit dem waʒʒer wil er ſi trenke̅
2735 3377 4458 3593 Deʒ mugen ſy nicht entwenken
2727 3511 4254 3744 Dauon pewar deinen leib
2752 3667 4550 3886 Vnd nym cʒu dir dein rains weib
2730 3809 4192 4040 Vnd dem chind gemaine
2730 3976 4592 4212 Die ſüllen auch chewſch vnd raiwe
2732 4112 3849 4368 Weſen daʒ iſt recht
2690 4256 4296 4510 Seid du piſt gotes chnecht
2732 4426 4087 4644 Dar cʒu gepewt got dir
2690 4580 4581 4822 Daʒ du ein arich peraiteſt ſchier
2720 4746 4137 4975 Vnd gepewtet dir da pey
2770 4905 4100 5129 Swas in der werlt ſey
2737 5042 4035 5281 Vogel wild vnd tyer
