5353 5986
734 585 2765 866 DEs erſten hies got
1634 828 2597 1063 werden den hi¬
1646 983 2685 1204 mel vnd die er¬
1665 1163 2755 1401 den In dem himel
1675 1357 2629 1585 peſchuef er ſnel
1022 1541 2804 1811 Emen engel der hies ſathael
1015 1716 2755 1964 Darnach perſchuef der raine
1027 1913 2607 2136 Die engel alle gemaine
1066 2049 2597 2328 Lucifer vnd Sand michael
1034 2219 2624 2500 Gabriel Vnd auch raphael
1000 2435 2517 2661 Do trug vnder in ſchone
1003 2595 2495 2867 Lucifer die höchſten chrone
1041 2758 2806 3034 Nye chain ſchön chron wart peka̅t
1007 2954 2743 3180 Ein liechtyas ſo wart er gena̅t
1007 3076 2678 3328 Wann ym was nicht geleiche
976 3243 2578 3530 In allem dem hymelreiche
976 3437 2571 3690 Do er in beſchuef ſo ſchon
973 3610 2493 3886 Do ſang er ym cʒelone
956 3804 2054 4018 Sa̅ctus ſanctus
1092 3925 2260 4192 Das pedewtet alſus
1095 4083 2651 4353 Heilig vnd heilig piſtu wol
983 4268 2716 4505 Der hymel iſt deiner gnade̅ vol
966 4420 2551 4721 So ſchüllen wir engel alle
966 4603 2597 4819 Tuen das dir wol gevalle
954 4782 2141 4998 Alſo ſprach Lucifer
956 4935 2384 5195 Herr lieber ſcheppher
2962 524 4345 813 Du piſt aller ern wert
2913 731 4588 959 Wann ſwer deiner güte gert
2913 896 4775 1114 Der wirt von dir geſchaiden nicht
2974 1039 4629 1257 Frewden vil von dir geſchicht
2945 1192 4683 1403 Das wais ich ſicherleich wol
2920 1347 4690 1602 Dem güt iſt aller gnaden vol
2925 1500 4748 1755 Die andern engel ſungen alſus
2937 1687 4464 1908 Alle vor ym das ſanctus
2913 1830 4445 2102 Vnd lobten in vil ſchone
2920 2034 4212 2267 Da gab er in cʒelone
2937 2165 4345 2464 Das werde hymelreiche
2966 2379 4161 2663 Peſicʒen ewichleiche
2913 2549 4620 2782 Da warn ſy alle frewden vol
2986 2707 4692 2988 Wann in was vnmaʒſen wol
2913 2898 4595 3187 Got von hymelreich ſprach
2908 3097 4304 3297 So er vor ym ſten ſach
2901 3243 4467 3471 Luciferum den engel her
2925 3413 4435 3644 Vil gütleich ſo ſprach er
2908 3573 4525 3823 Lucifer lieber engel mein
2913 3741 4860 3976 Wie möchſt ymmer ſchöner geſein
2925 3928 4510 4180 Du piſt mein liechttrager
2925 4127 4243 4321 Vnd mir nicht vnmer
2957 4246 4831 4556 Es mag auch nieman ſchön’ ſein
2976 4437 4445 4724 In dem hymelreich mein
2906 4598 4561 4840 DO got ſo ſer het gelobt
3078 4729 4683 5008 Lucifer vor frewden tobt
2949 4933 4566 5200 Er gedacht in ſeinem müte
