5200 6005
809 480 2401 736 Des nomen ſy alle wvnder
823 630 2288 905 Wann er ſy vaſt ane ſach
809 804 2521 1072 Das wort er wider ſy do ſprach
821 964 2412 1178 Das hab ich darumb getan
818 1124 2598 1399 Das ir ſült nicht cʒeſame̅ gan
858 1284 2497 1549 Er ſech es an dem aſchen ſtan
837 1439 2356 1665 Die trit die ir chaines tet
818 1566 2379 1806 An dem aſchen den er ſeet
858 1749 2513 2013 Er ſprach ir weib vnd ir man
837 1869 2347 2156 Jr ſult den aſchen ſehen an
839 2024 2156 2250 Den ich hie ſtreen wil
844 2170 2208 2415 Der hat tugent alſo vil
832 2337 2478 2565 Daʒ ich die trit da ſehen mag
851 2497 2502 2711 Ob ir pey nacht oder pey tag
821 2645 2685 2908 Cʒeſamen giengt daʒ wer mit lait
844 2800 2431 3024 Nu behaltet ewr chewſchhait
839 2958 2133 3177 Paide weib vnd man
823 3097 2118 3332 Secht gotes cʒorn an
825 3252 2321 3473 Daʒ in einer churcʒen vriſt
823 3412 2332 3666 Aller werlt verſunchen iſt
792 3574 2502 3795 Jr ſult auch merken wie adam
844 3734 2553 3960 Vnd eva mit vil groʒſer ſcham
811 3891 2565 4141 Aws de̅ paradeis wurde̅ v'triben
774 4044 2271 4296 Sy wern gern da beliben
823 4232 2356 4456 Daʒ chom von vngehorſam
804 4399 2572 4634 Daʒ in got ward v̅o̅ hercʒ̅e̅ gram
823 4547 2304 4757 Wann er ſy drat vnd leyſe
814 4721 2344 4942 Rawmen hies daʒ paradeiſe
835 4874 2384 5112 Gedenken auch an luciferum
828 5055 2405 5272 Wie ſchon er was vnd frum
2772 529 3821 731 Der ſelb trugnere
2742 680 4169 912 Swie lieb im got were
2803 858 4293 1070 Vmb ſein groʒſe hochvart
2800 976 4460 1227 Von himel er verſtoʒſen ward
2782 1129 4449 1371 Daran gedenkcht chind mein
2770 1293 4606 1554 Vnd lat ewch wol enpholhen ſein
2777 1430 3988 1648 Daʒ vil heilig gepot
2753 1604 4173 1792 Das gepot der lieb got
2679 1749 4576 2151 Des antwurten im gemaine
3078 1886 4700 2121 dem chind gros vnd chlaine
2786 2029 4467 2283 Sy ſprachen lieber vater mein
2803 2198 4303 2410 Du ſolt deʒ gar gewiʒʒ ſein
2779 2356 4119 2577 Nur ſullen deinen rate
2796 2504 4082 2727 Volgen fru vnd ſpate
2784 2669 4340 2911 Des ſoltu lieber vater mein
2777 2836 4272 3061 Von vns gar an angſt ſein
2642 2956 4162 3313 Do die welt gemaine
2932 3122 4171 3332 An die arch allaine
2749 3235 4011 3492 Alle was ertrunkchen
2763 3423 4409 3668 Vnd in dem wag verſunkchen
2753 3579 4474 3842 Do nomen die in der arch gawm
2803 3743 4202 3924 Ob ſy erdreich oder pawm
2798 3891 4209 4131 Yndert mochten geſechen
2791 4056 4355 4279 Des mocht nyeman veriehen
2779 4166 4677 4474 Wann chain perig ward ſo hoch nye
2784 4364 4282 4578 Das waſſer ye dar vber gie
2789 4514 4188 4747 Fünfcʒig dawmeln hoch
2784 4670 4077 4893 Eʒ vber all perig cʒoch
2538 4822 4338 5202 DO daʒ noe ward pechant
2974 4960 4432 5182 daʒ nyeman erdreich vant
2793 5062 4467 5377 Noch nyeman geſehen mochte
