5276 6027
711 603 2098 931 Vor ewichleicher lenge̅
716 833 2456 1079 Die werlt pey got gemacht ye
726 990 2510 1270 Pis yegleichs alſo geſchaft enphie
730 1152 2265 1392 Mit der natur ir geſchaft
716 1304 2559 1544 In aygeſchaſt ir name̅ ir chraft
711 1436 2329 1711 Dauon ſtet alſo geſchriben
745 1593 2564 1848 Das got nicht elter was peliben
730 1750 2432 2025 Der iar denn ſein geſchaft ſey
726 1941 2299 2206 Wann ſy ym ye wonten pey
730 2093 2539 2358 Mit gedenken als ich han geſait
760 2270 2446 2500 Er iſt aber an der wirdichait
750 2422 2451 2662 Elter vnd an gewaltes chraft
726 2584 2466 2834 An ymmer werder herſchaft
691 2750 2402 3025 Wann er von erſt die vrhab
711 2917 2363 3167 Ainer yegleichen ſcheph gab
716 3098 2093 3324 Dye weyſen phyloſophy
740 3226 2741 3530 Den chunſt mit weiſhait wanet pey
740 3427 2486 3682 Die nennent nu die werlt ſus
760 3608 1961 3844 Mundus architipus
765 3741 2378 4030 Pedewt ſich in latein alſus
755 3927 2167 4192 Mit rechter pedewtung
755 4049 2535 4368 Typus das ſpricht pecʒaichnu̅g
735 4280 2338 4574 Auch iſt ein peſloſſens vas
740 4461 2471 4726 Wie ſol ich daʒ pecʒaichen pas
750 4652 2236 4888 Mit gewêrer pedewtung
740 4804 2343 5094 Dann peſloſſnew cʒaichnu̅g
760 4956 2535 5251 Die von dem fürgedenke̅ ward
2736 677 4324 922 Offen ſyder vnd auf geſpart
2721 829 4510 1064 Dauon die welt nach irm orden
2711 995 4069 1221 Geſcheph was worden
2706 1132 4270 1373 Als ſy dauor was pericht
2701 1250 4491 1534 Vor vnſers ſchepher angeſicht
2721 1446 4407 1706 Der die geſcheph alle gemain
2711 1593 4231 1809 Sy wer gros oder chlain
2755 1740 4456 2020 Nyder hoch prait ſtrark ſwach
2696 1897 4417 2123 Ye mit gedenken vor ym ſach
2711 2039 4554 2314 Der vil ſueʒʒ hailant gena̅t
2701 2216 4535 2476 In chriechiſchen püchſtabe̅ iſt das
2647 2383 4368 2657 Thaw der alle dinkch anſicht
2677 2569 4451 2834 Vnd dem iſt verporgen nicht
2691 2721 4349 2995 Wann er ye ſach alle dinkch
2706 2858 4373 3143 Vnd iſt geſcheph vrſprichk
2731 3044 4422 3334 Ee daʒ ſy vinden volpracht
2741 3192 4687 3481 Vnd mit namen wurden erdacht
2684 3402 4363 3623 DO was ye inder gothait
2839 3545 4309 3804 Die er het an ſich gelait
2701 3711 4192 3951 In vnu’wechlicher chraſt
2672 3868 4148 4108 In ewichleicher herſchaft
2657 4010 4349 4295 So ſchon das der engel ſchar
2682 4162 4378 4461 Von ym ſind erlewchtet gar
2677 4368 4412 4648 Vnd ſölicher frewd phlegent
2696 4505 4520 4834 Daʒ ſy die ſunn wider wegent
2682 4736 4074 5005 Mit ir ſchön ſybennalt
2657 4888 4486 5270 Als gepewt deʒ gots gewalt
