5348 6055
708 505 2242 821 Ia pin ich got der güte
696 755 2454 972 Seid ich gen vor ym als ſchon
713 911 2433 1090 Vnd trag die obriſten chron
642 3448 2263 3672 Des wil ich got geleich ſein
642 3597 2294 3847 Das hymelreich das iſt mein
666 3762 2395 3988 Ʒe etleichen engeln nam er rat
630 3906 2355 4161 Ia wen ich es mir wol an ſtat
642 4050 1954 4307 Das ich got geleich ſey
630 4224 2433 4430 Die engel die mir wellent pey
607 4385 2013 4633 Geſtan an diſer ſtunde
630 4524 2190 4772 Die tun mir das chunde
630 4718 2308 4949 Got wil ich nu verſtroʒʒen
609 4885 2244 5126 Deʒ ſchüllen mein genoʒſen
583 5039 2275 5277 Dir ymmer genad ſagen
2653 599 4425 835 Sy müʒſen höher genad trag̅
2669 758 4371 989 Dan̅ ſy pis her habent getan
2650 913 4416 1168 Mit mir ſüllent ſy frewd han
2648 1071 3859 1296 In dem hymelreiche
2669 1222 3800 1494 Immer ewichleiche
2655 3738 4508 4000 Verſtoʒʒ ich got ſo wirt mir wol
2627 3903 4368 4139 Vnd pin ymmer frewden vol
2627 4052 4401 4316 Welich engel nu pey mir pleibt
2615 4220 4281 4449 Der tracht daʒ ich vertreib
2589 4397 4170 4619 Got ee daʒ er ſein werd inn
2584 4574 3951 4793 Wann er hat weis ſinn
2589 4703 4383 4932 Do daʒ erhorten die engel güt
2624 4866 4519 5088 Sümleich gedachten in irm müt
2613 5010 4314 5263 Wir ſüllen nicht entweichen
