<?xml version="1.0" encoding="UTF-8" standalone="yes"?>
<PcGts xmlns="http://schema.primaresearch.org/PAGE/gts/pagecontent/2013-07-15" xmlns:xsi="http://www.w3.org/2001/XMLSchema-instance" xsi:schemaLocation="http://schema.primaresearch.org/PAGE/gts/pagecontent/2013-07-15 http://schema.primaresearch.org/PAGE/gts/pagecontent/2013-07-15/pagecontent.xsd">
    <Metadata>
        <Creator>prov=READ-COOP:name=PyLaia@TranskribusPlatform:version=2.19.0:model_id=52284:lm=none:date=23_11_2024_16:35</Creator>
        <Created>2024-11-08T13:43:38.195+01:00</Created>
        <LastChange>2024-12-18T18:53:28.091+01:00</LastChange>
        <TranskribusMetadata docId="5064035" pageId="82739754" pageNr="95" tsid="213537106" status="DONE" userId="92802" imgUrl="https://files.transkribus.eu/Get?id=LXTXUNRQJCWTTYLMYJQWQLIE&amp;fileType=view" xmlUrl="https://files.transkribus.eu/Get?id=GWXQNFUVOGEXOPYPOBDJYGBE" imageId="68084772"/>
    </Metadata>
    <Page imageFilename="enikel weltchronik-0095.jpeg" imageWidth="5141" imageHeight="6005">
        <ReadingOrder>
            <OrderedGroup id="ro_1734603115527" caption="Regions reading order">
                <RegionRefIndexed index="0" regionRef="tr_1"/>
                <RegionRefIndexed index="1" regionRef="tr_2"/>
            </OrderedGroup>
        </ReadingOrder>
        <TextRegion orientation="0.0" id="tr_1" custom="readingOrder {index:0;}">
            <Coords points="632,517 632,5194 2620,5194 2618,561"/>
            <TextLine id="tr_1_tl_1" custom="readingOrder {index:0;}">
                <Coords points="618,852 837,857 954,808 1115,842 1621,820 1777,883 2166,869 2168,735 1993,694 1601,740 1027,638 735,664 621,720"/>
                <Baseline points="632,805 709,809 786,808 863,805 940,805 1017,804 1094,799 1171,799 1248,799 1325,802 1402,805 1479,803 1556,799 1633,799 1710,799 1787,795 1864,796 1941,799 2018,799 2095,797 2172,787"/>
                <TextEquiv>
                    <Unicode>Alſo belaib der turn ſyder</Unicode>
                </TextEquiv>
            </TextLine>
            <TextLine id="tr_1_tl_2" custom="readingOrder {index:1;} abbrev {offset:22; length:6;}">
                <Coords points="650,995 920,1042 1472,978 1616,1020 1733,986 1893,1025 1984,981 2166,1042 2268,1017 2268,888 2186,908 2112,857 1706,900 1650,852 1463,837 1380,896 1188,842 1083,881 650,854"/>
                <Baseline points="662,967 742,971 823,972 903,972 984,972 1065,970 1145,967 1226,967 1306,967 1387,967 1468,967 1548,967 1629,967 1709,967 1790,967 1871,970 1951,972 2032,972 2112,972 2193,972 2274,967"/>
                <TextEquiv>
                    <Unicode>Die ſprach wil ich ew nen̅en</Unicode>
                </TextEquiv>
            </TextLine>
            <TextLine id="tr_1_tl_3" custom="readingOrder {index:2;}">
                <Coords points="643,1134 1078,1185 1161,1137 1584,1190 2117,1156 2171,1197 2246,1183 2249,1027 2059,1061 1767,1003 1577,1056 1212,1066 1100,1027 883,1068 737,983 645,1008"/>
                <Baseline points="656,1122 735,1134 815,1134 895,1134 974,1134 1054,1130 1134,1128 1213,1128 1293,1128 1373,1128 1453,1127 1532,1122 1612,1117 1692,1121 1771,1122 1851,1122 1931,1125 2010,1128 2090,1127 2170,1121 2250,1116"/>
                <TextEquiv>
                    <Unicode>Daʒ ir ſy mügt erchennen</Unicode>
                </TextEquiv>
            </TextLine>
            <TextLine id="tr_1_tl_4" custom="readingOrder {index:3;}">
                <Coords points="660,1312 1166,1309 1326,1353 1764,1297 1901,1348 2239,1360 2239,1185 2108,1158 1231,1185 1156,1141 939,1217 660,1137"/>
                <Baseline points="674,1295 752,1295 831,1294 909,1288 988,1283 1066,1283 1145,1279 1223,1277 1302,1277 1380,1277 1459,1277 1537,1276 1616,1271 1694,1276 1773,1281 1851,1287 1930,1289 2008,1289 2087,1289 2165,1288 2244,1283"/>
                <TextEquiv>
                    <Unicode>Vnd wil auch ſy peſchaiden</Unicode>
                </TextEquiv>
            </TextLine>
            <TextLine id="tr_1_tl_5" custom="readingOrder {index:4;}">
                <Coords points="667,1497 857,1453 944,1502 1066,1441 1224,1509 1378,1455 1896,1502 2044,1463 2297,1533 2297,1360 2137,1334 1835,1348 1701,1309 1653,1346 1241,1334 1051,1375 879,1317 667,1317"/>
                <Baseline points="680,1450 761,1445 842,1440 923,1441 1004,1441 1086,1438 1167,1438 1248,1438 1329,1439 1410,1444 1492,1444 1573,1444 1654,1444 1735,1444 1816,1447 1898,1450 1979,1450 2060,1450 2141,1449 2222,1444 2304,1444"/>
                <TextEquiv>
                    <Unicode>Der ſprach vnder den haiden</Unicode>
                </TextEquiv>
            </TextLine>
            <TextLine id="tr_1_tl_6" custom="readingOrder {index:5;}">
                <Coords points="638,1643 796,1606 869,1638 1020,1606 1100,1650 1178,1616 1219,1655 1278,1616 1545,1657 2232,1635 2232,1519 2047,1463 1940,1502 1326,1480 1168,1528 638,1489"/>
                <Baseline points="650,1599 729,1599 808,1599 888,1599 967,1595 1047,1597 1126,1599 1205,1599 1285,1599 1364,1600 1444,1605 1523,1599 1602,1599 1682,1599 1761,1599 1841,1599 1920,1597 1999,1595 2079,1598 2158,1592 2238,1581"/>
                <TextEquiv>
                    <Unicode>Was ain ſibencʒig pechant</Unicode>
                </TextEquiv>
            </TextLine>
            <TextLine id="tr_1_tl_7" custom="readingOrder {index:6;}">
                <Coords points="650,1786 1098,1764 1553,1830 1623,1774 1852,1808 1937,1755 2059,1762 2057,1677 1837,1684 1757,1633 1543,1660 1339,1626 1268,1672 1151,1616 947,1679 793,1606 647,1631"/>
                <Baseline points="662,1754 732,1754 802,1754 872,1754 942,1754 1012,1755 1082,1760 1153,1760 1223,1764 1293,1766 1363,1766 1433,1766 1503,1766 1573,1766 1644,1766 1714,1766 1784,1761 1854,1760 1924,1755 1994,1748 2065,1748"/>
                <TextEquiv>
                    <Unicode>Vber alle haiden lant.</Unicode>
                </TextEquiv>
            </TextLine>
            <TextLine id="tr_1_tl_8" custom="readingOrder {index:7;}">
                <Coords points="660,1947 1051,1932 1154,1988 1419,1954 1553,1996 1718,1942 2008,1998 2195,1962 2198,1818 2084,1778 1891,1791 1704,1857 1334,1789 1239,1842 1102,1772 995,1842 869,1845 662,1784"/>
                <Baseline points="674,1916 750,1922 826,1922 903,1922 979,1922 1056,1922 1132,1922 1208,1927 1285,1923 1361,1922 1438,1922 1514,1920 1590,1916 1667,1916 1743,1916 1820,1916 1896,1913 1972,1907 2049,1904 2125,1904 2202,1904"/>
                <TextEquiv>
                    <Unicode>Die iuden haben auch ain</Unicode>
                </TextEquiv>
            </TextLine>
            <TextLine id="tr_1_tl_9" custom="readingOrder {index:8;}">
                <Coords points="638,2127 871,2081 1178,2164 1382,2103 1638,2095 1842,2149 1940,2076 2100,2075 2013,1998 1708,1940 1599,1996 1229,1959 1171,2001 981,2003 893,1930 640,1984"/>
                <Baseline points="650,2089 718,2089 786,2086 855,2077 923,2077 991,2080 1060,2083 1128,2083 1196,2083 1265,2083 1333,2083 1401,2082 1470,2078 1538,2077 1606,2077 1675,2076 1743,2071 1811,2071 1880,2068 1948,2064 2017,2059"/>
                <TextEquiv>
                    <Unicode>Vnd auch mer chain.</Unicode>
                </TextEquiv>
            </TextLine>
            <TextLine id="tr_1_tl_10" custom="readingOrder {index:9;}">
                <Coords points="672,2271 930,2273 1098,2332 1584,2259 1964,2305 2074,2268 2078,2095 1940,2076 1857,2149 1524,2095 1176,2164 1025,2105 674,2112"/>
                <Baseline points="686,2244 755,2244 825,2244 895,2240 965,2238 1035,2240 1105,2244 1174,2244 1244,2244 1314,2244 1384,2244 1454,2244 1524,2239 1594,2235 1663,2232 1733,2232 1803,2232 1873,2228 1943,2223 2013,2219 2083,2214"/>
                <TextEquiv>
                    <Unicode>Ebrayſch iſt ſy geant</Unicode>
                </TextEquiv>
            </TextLine>
            <TextLine id="tr_1_tl_11" custom="readingOrder {index:10;} abbrev {offset:16; length:3;} abbrev {offset:20; length:6;}">
                <Coords points="650,2451 1132,2485 1482,2424 1626,2475 1774,2424 2154,2492 2239,2431 2512,2448 2512,2324 2412,2290 2280,2341 2018,2295 1879,2334 1718,2276 1645,2324 1404,2349 1173,2288 1083,2344 650,2317"/>
                <Baseline points="662,2417 754,2417 847,2417 940,2416 1033,2410 1126,2406 1218,2411 1311,2412 1404,2417 1497,2417 1590,2417 1682,2417 1775,2414 1868,2411 1961,2411 2054,2414 2146,2420 2239,2423 2332,2427 2425,2433 2518,2423"/>
                <TextEquiv>
                    <Unicode>Wann ſy got cʒu de̅ erſte̅ vant</Unicode>
                </TextEquiv>
            </TextLine>
            <TextLine id="tr_1_tl_12" custom="readingOrder {index:11;}">
                <Coords points="655,2609 920,2611 1051,2660 1292,2645 1348,2594 1436,2643 1589,2599 1738,2643 1876,2582 2018,2626 2035,2490 1217,2451 1034,2499 825,2439 657,2453"/>
                <Baseline points="668,2578 736,2581 805,2584 873,2584 942,2580 1011,2578 1079,2578 1148,2578 1217,2578 1285,2578 1354,2576 1423,2571 1491,2567 1560,2570 1629,2572 1697,2571 1766,2566 1835,2570 1903,2566 1972,2559 2041,2554"/>
                <TextEquiv>
                    <Unicode>Dauon ſo iſt mir ſwer</Unicode>
                </TextEquiv>
            </TextLine>
            <TextLine id="tr_1_tl_13" custom="readingOrder {index:12;}">
                <Coords points="660,2757 922,2801 1154,2728 1275,2770 1957,2787 2027,2765 2030,2619 1876,2580 1738,2648 1691,2609 1499,2648 1382,2614 1331,2655 1056,2663 920,2611 662,2624"/>
                <Baseline points="674,2751 742,2745 810,2743 878,2739 946,2739 1014,2735 1082,2731 1150,2727 1218,2727 1286,2723 1354,2721 1422,2722 1490,2726 1558,2727 1626,2730 1694,2732 1762,2727 1830,2727 1898,2727 1966,2724 2035,2715"/>
                <TextEquiv>
                    <Unicode>Daʒ got vnſer ſchepher</Unicode>
                </TextEquiv>
            </TextLine>
            <TextLine id="tr_1_tl_14" custom="readingOrder {index:13;} abbrev {offset:28; length:5;}">
                <Coords points="655,2918 852,2969 1117,2901 1171,2950 1231,2923 1317,2959 1399,2916 1704,2945 1893,2903 1969,2955 2095,2901 2195,2950 2529,2938 2551,2813 2424,2770 2307,2816 2183,2750 1743,2823 1390,2753 991,2757 825,2806 652,2777"/>
                <Baseline points="668,2901 762,2901 857,2900 951,2895 1046,2894 1141,2889 1235,2889 1330,2889 1424,2889 1519,2892 1614,2895 1708,2895 1803,2899 1897,2897 1992,2895 2087,2895 2181,2895 2276,2901 2370,2906 2465,2906 2560,2912"/>
                <TextEquiv>
                    <Unicode>Den chriſten hat wan cʒwelf gebe̅</Unicode>
                </TextEquiv>
            </TextLine>
            <TextLine id="tr_1_tl_15" custom="readingOrder {index:14;} abbrev {offset:20; length:6;}">
                <Coords points="667,3086 1149,3115 1407,3064 1497,3127 1618,3135 1898,3074 2205,3081 2319,3132 2446,3110 2446,3006 2125,2906 1979,2962 1399,2916 1322,2962 1227,2923 857,2991 667,2916"/>
                <Baseline points="680,3068 768,3068 857,3068 945,3062 1034,3056 1123,3056 1211,3050 1300,3050 1389,3050 1477,3050 1566,3055 1655,3056 1743,3056 1832,3056 1921,3056 2009,3056 2098,3061 2187,3062 2275,3062 2364,3067 2453,3068"/>
                <TextEquiv>
                    <Unicode>Die chriſtenleichen ſolte̅ leben.</Unicode>
                </TextEquiv>
            </TextLine>
            <TextLine id="tr_1_tl_16" custom="readingOrder {index:15;} abbrev {offset:23; length:7;}">
                <Coords points="679,3261 915,3220 1231,3276 1390,3222 1872,3293 1959,3259 2171,3295 2614,3269 2614,3113 2485,3088 2319,3132 1757,3081 1691,3140 1497,3127 1363,3064 1149,3115 876,3086 679,3127"/>
                <Baseline points="692,3211 788,3217 884,3217 981,3217 1077,3217 1174,3217 1270,3217 1366,3217 1463,3217 1559,3217 1656,3217 1752,3217 1848,3217 1945,3217 2041,3217 2138,3212 2234,3218 2330,3221 2427,3217 2523,3217 2620,3217"/>
                <TextEquiv>
                    <Unicode>Vnd iſt daʒ die cʒwelf cʒunge̅ recht</Unicode>
                </TextEquiv>
            </TextLine>
            <TextLine id="tr_1_tl_17" custom="readingOrder {index:16;}">
                <Coords points="660,3417 1231,3436 1309,3398 1455,3446 1575,3402 1777,3436 1918,3402 2317,3453 2580,3400 2598,3286 2302,3266 2207,3300 1964,3259 1085,3283 747,3230 660,3269"/>
                <Baseline points="674,3384 762,3371 850,3366 939,3366 1027,3366 1115,3367 1204,3372 1292,3372 1380,3372 1469,3371 1557,3366 1645,3366 1734,3366 1822,3367 1910,3372 1999,3372 2087,3372 2175,3378 2264,3378 2352,3384 2441,3378"/>
                <TextEquiv>
                    <Unicode>Lebent ſo ſind ſy gotes chnecht.</Unicode>
                </TextEquiv>
            </TextLine>
            <TextLine id="tr_1_tl_18" custom="readingOrder {index:17;}">
                <Coords points="650,3548 905,3602 1122,3558 1253,3600 1480,3585 1560,3548 1816,3582 1976,3551 2149,3607 2534,3595 2534,3422 2502,3415 2283,3488 1984,3402 1876,3461 1706,3422 1562,3463 1263,3463 1095,3405 1037,3446 964,3407 825,3473 730,3405 650,3417"/>
                <Baseline points="662,3539 755,3545 849,3545 943,3544 1036,3539 1130,3539 1224,3537 1317,3533 1411,3533 1505,3533 1599,3533 1692,3533 1786,3536 1880,3539 1973,3539 2067,3539 2161,3539 2254,3544 2348,3545 2442,3550 2536,3551"/>
                <TextEquiv>
                    <Unicode>Die ſechcʒig cʒungen verlorn ſind</Unicode>
                </TextEquiv>
            </TextLine>
            <TextLine id="tr_1_tl_19" custom="readingOrder {index:18;}">
                <Coords points="679,3731 986,3716 1370,3772 1757,3707 1906,3772 2066,3709 2212,3765 2570,3739 2461,3570 2336,3614 1876,3565 1794,3619 1562,3546 918,3638 681,3568"/>
                <Baseline points="692,3712 780,3711 869,3706 957,3705 1046,3700 1135,3700 1223,3700 1312,3699 1401,3694 1489,3693 1578,3688 1667,3688 1755,3688 1844,3688 1933,3694 2021,3694 2110,3694 2199,3700 2287,3700 2376,3700 2465,3706"/>
                <TextEquiv>
                    <Unicode>Die müſſen ſein der helle chind.</Unicode>
                </TextEquiv>
            </TextLine>
            <TextLine id="tr_1_tl_20" custom="readingOrder {index:19;} abbrev {offset:20; length:6;}">
                <Coords points="650,3904 1314,3870 1438,3933 1592,3901 1711,3938 2125,3857 2585,3921 2587,3767 2375,3799 2159,3733 1893,3772 1565,3743 1416,3804 1312,3743 652,3753"/>
                <Baseline points="662,3868 758,3874 854,3868 951,3868 1047,3868 1144,3868 1240,3868 1336,3865 1433,3862 1529,3862 1626,3857 1722,3856 1818,3856 1915,3856 2011,3856 2108,3857 2204,3863 2300,3868 2397,3868 2493,3868 2590,3868"/>
                <TextEquiv>
                    <Unicode>Als vns die phaffen habe̅t geſait</Unicode>
                </TextEquiv>
            </TextLine>
            <TextLine id="tr_1_tl_21" custom="readingOrder {index:20;}">
                <Coords points="667,4101 995,4035 1460,4098 2173,4035 2173,3940 2076,3960 1976,3909 1502,3952 1102,3877 667,3916"/>
                <Baseline points="680,4005 754,4015 829,4017 904,4017 979,4019 1054,4023 1129,4023 1204,4023 1279,4023 1354,4020 1429,4019 1503,4022 1578,4017 1653,4022 1728,4019 1803,4017 1878,4017 1953,4017 2028,4017 2103,4017 2178,4017"/>
                <TextEquiv>
                    <Unicode>Für die gancʒen warhait</Unicode>
                </TextEquiv>
            </TextLine>
            <TextLine id="tr_1_tl_22" custom="readingOrder {index:21;} abbrev {offset:26; length:7;}">
                <Coords points="643,4227 762,4254 847,4208 1037,4252 1231,4218 1375,4269 1509,4206 1799,4244 1998,4196 2054,4240 2117,4208 2322,4261 2599,4249 2599,4081 2217,4086 2161,4035 1876,4111 1151,4089 1015,4035 643,4098"/>
                <Baseline points="656,4148 753,4178 850,4184 947,4185 1045,4190 1142,4190 1239,4187 1337,4184 1434,4180 1531,4178 1629,4178 1726,4178 1823,4172 1920,4172 2018,4172 2115,4172 2212,4174 2310,4178 2407,4175 2504,4176 2602,4184"/>
                <TextEquiv>
                    <Unicode>So ſind nicht wann cʒwelf geneſe̅</Unicode>
                </TextEquiv>
            </TextLine>
            <TextLine id="tr_1_tl_23" custom="readingOrder {index:22;} abbrev {offset:20; length:8;}">
                <Coords points="667,4347 918,4405 1769,4352 2047,4420 2142,4376 2414,4420 2519,4364 2519,4257 2429,4227 2108,4266 1957,4213 1774,4244 1543,4206 1217,4266 857,4210 667,4257"/>
                <Baseline points="680,4345 772,4345 864,4351 956,4351 1048,4351 1141,4351 1233,4351 1325,4351 1417,4351 1509,4351 1602,4351 1694,4349 1786,4347 1878,4351 1970,4351 2063,4351 2155,4354 2247,4357 2339,4360 2431,4360 2524,4351"/>
                <TextEquiv>
                    <Unicode>Ob ſi recht welle̅t chriſte̅ weſen</Unicode>
                </TextEquiv>
            </TextLine>
            <TextLine id="tr_1_tl_24" custom="readingOrder {index:23;}">
                <Coords points="660,4502 918,4592 1071,4537 1195,4580 1331,4519 1550,4588 1857,4541 2022,4600 2295,4607 2465,4580 2465,4478 2261,4400 2178,4446 2039,4412 1828,4446 1504,4376 1407,4429 1180,4369 935,4408 820,4354 657,4388"/>
                <Baseline points="674,4500 763,4506 853,4512 943,4512 1033,4506 1123,4512 1213,4506 1302,4512 1392,4512 1482,4512 1572,4512 1662,4512 1752,4512 1842,4518 1931,4524 2021,4524 2111,4530 2201,4530 2291,4536 2381,4536 2471,4542"/>
                <TextEquiv>
                    <Unicode>Die haiden machet groſſen ſpot</Unicode>
                </TextEquiv>
            </TextLine>
            <TextLine id="tr_1_tl_25" custom="readingOrder {index:24;}">
                <Coords points="618,4683 1095,4753 1314,4683 1592,4729 1779,4702 1779,4597 1657,4563 1558,4590 1489,4551 1402,4607 1081,4537 922,4597 694,4541 618,4568"/>
                <Baseline points="632,4667 689,4671 747,4673 804,4673 862,4673 920,4673 977,4673 1035,4673 1092,4672 1150,4668 1208,4670 1265,4673 1323,4673 1380,4675 1438,4679 1496,4679 1553,4679 1611,4679 1668,4679 1726,4676 1784,4667"/>
                <TextEquiv>
                    <Unicode>Wann ſy ir ab got</Unicode>
                </TextEquiv>
            </TextLine>
            <TextLine id="tr_1_tl_26" custom="readingOrder {index:25;}">
                <Coords points="618,4829 1382,4894 1584,4843 1740,4923 1840,4882 1918,4914 2200,4875 2302,4933 2363,4914 2361,4695 2120,4726 1864,4670 1592,4729 1429,4687 1151,4709 1102,4753 908,4751 757,4687 616,4721"/>
                <Baseline points="632,4823 718,4829 805,4829 892,4829 979,4829 1066,4829 1153,4829 1239,4829 1326,4829 1413,4829 1500,4833 1587,4839 1674,4841 1761,4837 1847,4838 1934,4841 2021,4844 2108,4849 2195,4852 2282,4855 2369,4858"/>
                <TextEquiv>
                    <Unicode>Sacʒten auf die ſewlen hoch</Unicode>
                </TextEquiv>
            </TextLine>
            <TextLine id="tr_1_tl_27" custom="readingOrder {index:26;}">
                <Coords points="643,5055 1200,5011 1509,5057 1674,5033 1738,5072 1925,5014 2088,5070 2086,4889 1597,4928 1509,4870 1054,4858 944,4902 852,4848 640,4831"/>
                <Baseline points="656,4978 731,4983 807,4988 883,4990 958,4990 1034,4990 1110,4990 1186,4990 1261,4990 1337,4994 1413,4996 1489,4996 1564,4996 1640,4996 1716,4996 1792,4996 1867,4999 1943,5002 2019,5002 2095,5002"/>
                <TextEquiv>
                    <Unicode>Daʒ volk vaſt ʒu in cʒoch</Unicode>
                </TextEquiv>
            </TextLine>
            <TextLine id="tr_1_tl_28" custom="readingOrder {index:27;} abbrev {offset:22; length:5;}">
                <Coords points="638,5233 759,5257 888,5194 956,5233 1339,5191 1562,5218 1947,5169 2487,5259 2509,5011 2334,5001 2115,5070 1986,5021 1738,5074 1601,5033 1066,5070 952,5014 635,5055"/>
                <Baseline points="650,5127 743,5145 836,5145 930,5139 1023,5139 1117,5139 1210,5139 1303,5139 1397,5141 1490,5145 1584,5148 1677,5151 1770,5151 1864,5151 1957,5151 2051,5151 2144,5151 2237,5151 2331,5156 2424,5157 2518,5151"/>
                <TextEquiv>
                    <Unicode>Sy chnieten nider vnd pate̅ an</Unicode>
                </TextEquiv>
            </TextLine>
            <TextEquiv>
                <Unicode>Alſo belaib der turn ſyder
Die ſprach wil ich ew nen̅en
Daʒ ir ſy mügt erchennen
Vnd wil auch ſy peſchaiden
Der ſprach vnder den haiden
Was ain ſibencʒig pechant
Vber alle haiden lant
Die iuden haben auch ain
Vnd auch mer chain
Ebrayſch iſt ſy geant
Wann ſy got cʒu de̅ erſte̅ vant
Dauon ſo iſt mir ſwer
Daʒ got vnſer ſchepher
Den chriſten hat wan cʒwelf gebe̅
Die chriſtenleuthen ſolte̅ leben
Vnd iſt daʒ die cʒwelf cʒunge̅ recht
Lebent ſo ſind ſy gotes chnecht
Die ſechcʒig cʒungen verlorn ſind
Die müſſen ſein der helle chind
Als vns die phaffen habe̅t geſait
Für die gancʒen warhait
So ſind nicht wann cʒwelf geneſe̅
Ob ſi recht welle̅t chriſte̅ weſen
Die haiden machet groſſen ſpot
Wann ſy ir ab got
Sacʒten auf die ſewlen hoch
Daʒ volk vaſt ʒu in cʒoch
Sy chnieten nider vnd pate̅ an</Unicode>
            </TextEquiv>
        </TextRegion>
        <TextRegion orientation="0.0" id="tr_2" custom="readingOrder {index:1;}">
            <Coords points="2600,552 2626,5295 4673,5295 4637,673"/>
            <TextLine id="tr_2_tl_2" custom="readingOrder {index:0;}">
                <Coords points="2658,832 4120,823 4279,871 4339,840 4337,723 3921,652 3821,701 3402,674 3261,723 3113,667 2655,677"/>
                <Baseline points="2668,781 2751,792 2835,798 2919,799 3003,803 3087,805 3171,805 3254,805 3338,805 3422,805 3506,803 3590,799 3674,799 3758,799 3841,799 3925,799 4009,793 4093,799 4177,799 4261,804 4345,805"/>
                <TextEquiv>
                    <Unicode>Das was wider got getan</Unicode>
                </TextEquiv>
            </TextLine>
            <TextLine id="tr_2_tl_3" custom="readingOrder {index:1;}">
                <Coords points="2611,974 2816,1020 3018,995 3103,1051 3359,974 3548,1017 3743,986 3840,1032 4532,981 4507,815 4130,891 3821,825 3600,905 3249,830 3098,874 2857,888 2784,847 2611,883"/>
                <Baseline points="2626,949 2721,961 2817,967 2912,967 3008,967 3103,967 3199,967 3294,967 3390,967 3485,967 3581,967 3676,963 3772,961 3867,961 3963,961 4058,961 4154,961 4249,961 4345,961 4440,961 4536,955"/>
                <TextEquiv>
                    <Unicode>Swelich haiden aller reichſt was</Unicode>
                </TextEquiv>
            </TextLine>
            <TextLine id="tr_2_tl_4" custom="readingOrder {index:2;} abbrev {offset:13; length:3;}">
                <Coords points="2619,1127 2867,1171 3137,1122 3731,1158 3965,1112 4188,1185 4429,1127 4403,1025 3938,1051 3638,976 3548,1017 3359,974 3103,1051 2994,1000 2862,1059 2718,991 2619,1017"/>
                <Baseline points="2632,1110 2722,1116 2812,1110 2902,1110 2992,1104 3082,1104 3172,1110 3263,1110 3353,1110 3443,1110 3533,1110 3623,1116 3713,1110 3803,1116 3894,1110 3984,1110 4074,1110 4164,1111 4254,1117 4344,1122 4435,1128"/>
                <TextEquiv>
                    <Unicode>Der peraitet de̅ abgot ein vas</Unicode>
                </TextEquiv>
            </TextLine>
            <TextLine id="tr_2_tl_5" custom="readingOrder {index:3;}">
                <Coords points="2631,1322 2920,1287 3105,1319 3329,1273 3422,1343 3687,1280 3862,1317 3862,1190 3777,1154 3561,1222 3208,1202 3093,1144 2913,1178 2750,1132 2631,1180"/>
                <Baseline points="2644,1277 2705,1277 2766,1277 2827,1277 2888,1277 2950,1277 3011,1276 3072,1272 3133,1271 3194,1271 3256,1271 3317,1271 3378,1270 3439,1266 3500,1265 3562,1268 3623,1276 3684,1273 3745,1273 3806,1277 3868,1277"/>
                <TextEquiv>
                    <Unicode>Von lawtern golde</Unicode>
                </TextEquiv>
            </TextLine>
            <TextLine id="tr_2_tl_6" custom="readingOrder {index:4;}">
                <Coords points="2643,1448 3006,1458 3120,1506 3210,1448 3527,1443 3772,1502 3826,1451 3969,1514 4125,1455 4254,1472 4254,1356 4052,1309 3977,1343 3655,1287 3436,1363 2643,1322"/>
                <Baseline points="2656,1438 2736,1438 2816,1433 2896,1436 2977,1438 3057,1435 3137,1432 3217,1430 3298,1426 3378,1426 3458,1426 3538,1421 3619,1420 3699,1420 3779,1423 3859,1429 3940,1434 4020,1439 4100,1445 4180,1450 4261,1450"/>
                <TextEquiv>
                    <Unicode>Als es got wunſchen ſolde</Unicode>
                </TextEquiv>
            </TextLine>
            <TextLine id="tr_2_tl_7" custom="readingOrder {index:5;}">
                <Coords points="2660,1653 3337,1643 3424,1606 3575,1657 3811,1623 4079,1662 4405,1616 4405,1541 4235,1494 3969,1516 3826,1453 3772,1502 3303,1477 3096,1548 2823,1455 2660,1470"/>
                <Baseline points="2674,1599 2760,1593 2847,1599 2934,1599 3021,1599 3108,1599 3195,1599 3281,1599 3368,1594 3455,1593 3542,1593 3629,1593 3716,1593 3803,1593 3889,1596 3976,1599 4063,1599 4150,1602 4237,1602 4324,1602 4411,1605"/>
                <TextEquiv>
                    <Unicode>Vnd cʒieret die ſewl gemaine</Unicode>
                </TextEquiv>
            </TextLine>
            <TextLine id="tr_2_tl_8" custom="readingOrder {index:6;}">
                <Coords points="2660,1791 3069,1828 3850,1769 3850,1660 3797,1645 3707,1684 3086,1623 2852,1687 2660,1650"/>
                <Baseline points="2674,1754 2733,1754 2792,1754 2851,1754 2910,1754 2969,1755 3028,1759 3087,1760 3146,1760 3205,1756 3265,1754 3324,1754 3383,1750 3442,1748 3501,1748 3560,1748 3619,1748 3678,1748 3737,1748 3796,1748 3856,1748"/>
                <TextEquiv>
                    <Unicode>Mit edelm geſtaine</Unicode>
                </TextEquiv>
            </TextLine>
            <TextLine id="tr_2_tl_9" custom="readingOrder {index:7;}">
                <Coords points="2697,1945 2920,1993 3205,1920 3422,1979 3638,1906 4111,1984 4115,1818 4028,1801 3855,1825 3763,1774 3578,1806 3517,1774 3359,1840 3154,1801 3042,1862 2884,1782 2701,1811"/>
                <Baseline points="2710,1928 2780,1916 2850,1916 2921,1920 2991,1922 3062,1922 3132,1922 3202,1917 3273,1916 3343,1916 3414,1915 3484,1910 3554,1910 3625,1907 3695,1902 3766,1898 3836,1898 3906,1898 3977,1895 4047,1890 4118,1880"/>
                <TextEquiv>
                    <Unicode>Er ſacʒt die ſewl enpor</Unicode>
                </TextEquiv>
            </TextLine>
            <TextLine id="tr_2_tl_10" custom="readingOrder {index:8;}">
                <Coords points="2648,2120 3003,2078 3286,2151 3592,2088 3726,2151 3892,2076 3986,2091 3989,1969 3354,1949 3154,2010 2743,1949 2650,1974"/>
                <Baseline points="2662,2089 2728,2089 2795,2085 2861,2081 2928,2077 2994,2077 3061,2077 3127,2075 3194,2071 3260,2066 3327,2068 3394,2069 3460,2065 3527,2070 3593,2068 3660,2065 3726,2065 3793,2060 3859,2059 3926,2056 3993,2047"/>
                <TextEquiv>
                    <Unicode>In einen ſchönen chor</Unicode>
                </TextEquiv>
            </TextLine>
            <TextLine id="tr_2_tl_11" custom="readingOrder {index:9;}">
                <Coords points="2670,2273 2757,2310 2903,2246 3222,2278 3548,2215 3872,2259 3955,2215 4123,2224 4125,2122 4072,2108 3726,2151 3626,2100 3266,2156 2979,2115 2867,2154 2762,2105 2675,2134"/>
                <Baseline points="2686,2238 2758,2228 2830,2226 2902,2228 2974,2231 3047,2227 3119,2226 3191,2223 3263,2218 3335,2215 3408,2220 3480,2216 3552,2214 3624,2212 3696,2208 3769,2208 3841,2203 3913,2202 3985,2200 4057,2196 4130,2196"/>
                <TextEquiv>
                    <Unicode>Hey was er ym do ern tet</Unicode>
                </TextEquiv>
            </TextLine>
            <TextLine id="tr_2_tl_12" custom="readingOrder {index:10;}">
                <Coords points="2677,2424 3176,2458 3926,2370 4320,2412 4406,2272 3935,2293 3836,2232 3750,2273 3495,2227 3371,2273 2680,2297"/>
                <Baseline points="2692,2393 2773,2399 2855,2396 2937,2393 3019,2391 3100,2387 3182,2386 3264,2381 3346,2381 3427,2387 3509,2382 3591,2376 3673,2371 3754,2369 3836,2369 3918,2369 4000,2369 4081,2369 4163,2368 4245,2363 4327,2363"/>
                <TextEquiv>
                    <Unicode>Mit chnye vallen vnd mit pet</Unicode>
                </TextEquiv>
            </TextLine>
            <TextLine id="tr_2_tl_13" custom="readingOrder {index:11;}">
                <Coords points="2672,2563 2911,2607 3125,2543 3483,2599 3624,2548 3896,2572 3935,2568 3940,2443 3653,2409 3290,2470 2957,2426 2675,2456"/>
                <Baseline points="2686,2560 2752,2556 2818,2552 2884,2547 2951,2543 3017,2542 3083,2542 3149,2541 3216,2537 3282,2536 3348,2536 3414,2536 3481,2531 3547,2530 3613,2528 3679,2524 3746,2524 3812,2524 3878,2524 3945,2524"/>
                <TextEquiv>
                    <Unicode>Er pat es an für got</Unicode>
                </TextEquiv>
            </TextLine>
            <TextLine id="tr_2_tl_14" custom="readingOrder {index:12;}">
                <Coords points="2658,2748 2828,2711 2947,2755 3023,2716 3295,2772 3680,2704 3765,2748 4021,2748 4021,2580 3624,2548 3483,2599 3020,2575 2913,2607 2663,2558"/>
                <Baseline points="2674,2715 2741,2706 2808,2704 2876,2703 2943,2698 3011,2698 3078,2695 3146,2692 3213,2692 3281,2692 3348,2689 3415,2687 3483,2692 3550,2692 3618,2692 3685,2691 3753,2686 3820,2682 3888,2680 3955,2679 4023,2674"/>
                <TextEquiv>
                    <Unicode>Sein vefluchtes ab got</Unicode>
                </TextEquiv>
            </TextLine>
            <TextLine id="tr_2_tl_15" custom="readingOrder {index:13;}">
                <Coords points="2660,2884 2869,2945 2994,2886 3892,2872 3935,2903 4062,2867 4064,2770 3940,2726 3760,2748 3648,2711 2998,2789 2865,2718 2663,2757"/>
                <Baseline points="2674,2877 2743,2876 2813,2871 2883,2867 2953,2862 3023,2859 3092,2859 3162,2859 3232,2859 3302,2859 3372,2858 3441,2853 3511,2853 3581,2853 3651,2851 3721,2847 3790,2847 3860,2843 3930,2841 4000,2841 4070,2841"/>
                <TextEquiv>
                    <Unicode>Alle tag vnd alle cʒeit</Unicode>
                </TextEquiv>
            </TextLine>
            <TextLine id="tr_2_tl_16" custom="readingOrder {index:14;}">
                <Coords points="2680,3059 2923,3093 3042,3062 3140,3103 3230,3037 3724,3062 3933,3013 4103,3081 4244,3030 4285,2901 3996,2933 3887,2874 3575,2942 3480,2879 3256,2957 2682,2920"/>
                <Baseline points="2692,3038 2769,3032 2847,3030 2925,3026 3003,3026 3081,3026 3159,3021 3237,3020 3315,3017 3393,3014 3471,3012 3548,3009 3626,3014 3704,3014 3782,3009 3860,3008 3938,3008 4016,3008 4094,3006 4172,3001 4250,2996"/>
                <TextEquiv>
                    <Unicode>Si heten in der werlt weyt</Unicode>
                </TextEquiv>
            </TextLine>
            <TextLine id="tr_2_tl_17" custom="readingOrder {index:15;}">
                <Coords points="2670,3234 2840,3191 2964,3244 3225,3188 3492,3213 3570,3171 3707,3217 3889,3205 3894,3037 3614,3101 3480,3062 3395,3105 3283,3052 3159,3108 3042,3062 2675,3071"/>
                <Baseline points="2686,3205 2746,3193 2807,3193 2867,3193 2928,3192 2988,3188 3049,3187 3109,3186 3170,3182 3230,3178 3291,3174 3352,3170 3412,3169 3473,3169 3533,3169 3594,3165 3654,3163 3715,3163 3775,3163 3836,3161 3897,3157"/>
                <TextEquiv>
                    <Unicode>Ir alſo vil gemachet</Unicode>
                </TextEquiv>
            </TextLine>
            <TextLine id="tr_2_tl_18" custom="readingOrder {index:16;}">
                <Coords points="2677,3395 2811,3373 2974,3432 3074,3371 3351,3344 3514,3405 3578,3346 3643,3376 3733,3329 4064,3415 4098,3196 3368,3210 3220,3261 3042,3210 2682,3244"/>
                <Baseline points="2692,3354 2762,3360 2832,3360 2903,3356 2973,3352 3044,3347 3114,3342 3184,3342 3255,3339 3325,3336 3396,3336 3466,3336 3536,3332 3607,3330 3677,3328 3748,3324 3818,3324 3888,3320 3959,3318 4029,3319 4100,3324"/>
                <TextEquiv>
                    <Unicode>Dauon der tewfel lachet</Unicode>
                </TextEquiv>
            </TextLine>
            <TextLine id="tr_2_tl_19" custom="readingOrder {index:17;}">
                <Coords points="2655,3539 3140,3580 3186,3541 3441,3561 3505,3519 3653,3590 3780,3517 3909,3519 3913,3393 3624,3368 3522,3429 2852,3434 2658,3393"/>
                <Baseline points="2668,3527 2730,3531 2792,3533 2855,3532 2917,3528 2979,3527 3042,3526 3104,3521 3166,3521 3229,3521 3291,3521 3353,3521 3416,3518 3478,3515 3540,3515 3603,3512 3665,3509 3727,3509 3790,3505 3852,3498 3915,3486"/>
                <TextEquiv>
                    <Unicode>Das er het ane ſwer</Unicode>
                </TextEquiv>
            </TextLine>
            <TextLine id="tr_2_tl_20" custom="readingOrder {index:18;}">
                <Coords points="2648,3726 3196,3682 3361,3741 3746,3682 3872,3714 3938,3685 3940,3563 3570,3546 3500,3604 3271,3563 2869,3621 2650,3541"/>
                <Baseline points="2662,3688 2726,3696 2790,3699 2854,3690 2918,3688 2982,3687 3046,3682 3111,3682 3175,3680 3239,3677 3303,3677 3367,3680 3431,3682 3495,3682 3560,3678 3624,3677 3688,3677 3752,3677 3816,3674 3880,3666 3945,3653"/>
                <TextEquiv>
                    <Unicode>So manigen diener</Unicode>
                </TextEquiv>
            </TextLine>
            <TextLine id="tr_2_tl_21" custom="readingOrder {index:19;}">
                <Coords points="2655,3867 2828,3862 2930,3916 3188,3833 3453,3896 3692,3850 3889,3918 3892,3753 3629,3714 3544,3775 3346,3772 3159,3719 3074,3777 2833,3775 2772,3724 2658,3729"/>
                <Baseline points="2668,3850 2729,3850 2790,3850 2852,3848 2913,3844 2975,3840 3036,3838 3098,3838 3159,3833 3221,3832 3282,3833 3343,3837 3405,3838 3466,3838 3528,3838 3589,3838 3651,3837 3712,3832 3774,3832 3835,3832 3897,3832"/>
                <TextEquiv>
                    <Unicode>Die ym berait warn</Unicode>
                </TextEquiv>
            </TextLine>
            <TextLine id="tr_2_tl_22" custom="readingOrder {index:20;}">
                <Coords points="2655,4042 2989,4011 3130,4023 3203,4077 3361,4021 3524,4077 3821,4069 3823,3882 3517,3923 3334,3853 3125,3845 2843,3938 2658,3872"/>
                <Baseline points="2668,4017 2725,4009 2783,4003 2841,3999 2899,3999 2957,3997 3015,3993 3073,3993 3131,3992 3189,3988 3247,3990 3304,3993 3362,3993 3420,3993 3478,3992 3536,3988 3594,3989 3652,3993 3710,3989 3768,3985 3826,3981"/>
                <TextEquiv>
                    <Unicode>Pey den ſelben jarn</Unicode>
                </TextEquiv>
            </TextLine>
            <TextLine id="tr_2_tl_23" custom="readingOrder {index:21;}">
                <Coords points="2619,4239 3174,4188 3514,4220 3802,4171 3916,4213 4133,4186 4390,4227 4488,4186 4488,4018 4169,3969 3721,4094 2619,4037"/>
                <Baseline points="2626,4152 2935,4153 3017,4149 3099,4148 3181,4148 3263,4148 3345,4148 3427,4150 3509,4154 3591,4153 3673,4148 3755,4148 3837,4148 3919,4143 4001,4142 4083,4142 4165,4142 4247,4145 4329,4145 4411,4144 4494,4148"/>
                <TextEquiv>
                    <Unicode>PEy den cʒeiten was pechant</Unicode>
                </TextEquiv>
            </TextLine>
            <TextLine id="tr_2_tl_24" custom="readingOrder {index:22;}">
                <Coords points="2840,4359 3288,4327 3356,4376 3446,4327 3697,4313 3923,4364 3984,4325 4118,4369 4463,4337 4442,4196 4390,4227 3969,4188 3733,4235 3660,4196 2840,4225"/>
                <Baseline points="2853,4303 2933,4309 3014,4309 3095,4309 3176,4309 3257,4309 3338,4311 3418,4314 3499,4309 3580,4309 3661,4309 3742,4304 3823,4308 3904,4309 3984,4309 4065,4309 4146,4307 4227,4303 4308,4302 4389,4297 4470,4297"/>
                <TextEquiv>
                    <Unicode>Ein man was rew genant</Unicode>
                </TextEquiv>
            </TextLine>
            <TextLine id="tr_2_tl_25" custom="readingOrder {index:23;}">
                <Coords points="2684,4529 2908,4459 3115,4488 3169,4454 3799,4481 3896,4522 4062,4471 4410,4517 4410,4376 4184,4405 4006,4325 3789,4371 3446,4327 3339,4369 3234,4327 3062,4376 2989,4330 2684,4376"/>
                <Baseline points="2698,4464 2788,4459 2878,4458 2969,4458 3059,4454 3150,4453 3240,4457 3331,4458 3421,4458 3512,4463 3602,4464 3693,4464 3783,4464 3874,4470 3964,4470 4055,4470 4145,4470 4236,4470 4326,4464 4417,4458"/>
                <TextEquiv>
                    <Unicode>Pey dem die lant enhalb mer</Unicode>
                </TextEquiv>
            </TextLine>
            <TextLine id="tr_2_tl_26" custom="readingOrder {index:24;}">
                <Coords points="2682,4665 2925,4685 2976,4636 3293,4622 3906,4700 4203,4644 4276,4702 4481,4702 4478,4544 4342,4512 4181,4546 3758,4502 3638,4568 3449,4483 3254,4468 3015,4546 2906,4512 2680,4534"/>
                <Baseline points="2692,4626 2781,4626 2871,4620 2960,4620 3050,4620 3139,4620 3229,4620 3318,4620 3408,4620 3497,4626 3587,4626 3676,4632 3766,4632 3855,4638 3945,4638 4034,4638 4124,4638 4213,4644 4303,4638 4392,4638 4482,4626"/>
                <TextEquiv>
                    <Unicode>Was vil volkes vnd groſſes her</Unicode>
                </TextEquiv>
            </TextLine>
            <TextLine id="tr_2_tl_27" custom="readingOrder {index:25;}">
                <Coords points="2667,4836 3251,4790 3561,4850 3894,4821 4062,4870 4057,4714 3935,4685 3670,4736 3446,4665 3232,4692 3006,4631 2843,4697 2665,4653"/>
                <Baseline points="2680,4787 2749,4782 2818,4781 2887,4781 2957,4781 3026,4781 3095,4777 3164,4775 3234,4775 3303,4775 3372,4775 3441,4778 3511,4783 3580,4787 3649,4792 3718,4797 3788,4799 3857,4799 3926,4799 3995,4803 4065,4799"/>
                <TextEquiv>
                    <Unicode>Die alle vnder in warn</Unicode>
                </TextEquiv>
            </TextLine>
            <TextLine id="tr_2_tl_28" custom="readingOrder {index:26;}">
                <Coords points="2692,4999 2989,4928 3125,4987 3325,4938 3748,4984 3748,4841 3646,4863 3290,4794 3203,4829 2692,4833"/>
                <Baseline points="2704,4924 2756,4924 2809,4924 2861,4924 2914,4924 2966,4924 3019,4924 3071,4924 3124,4924 3176,4924 3229,4924 3281,4924 3334,4924 3386,4920 3439,4918 3491,4918 3544,4920 3596,4924 3649,4924 3701,4925 3754,4930"/>
                <TextEquiv>
                    <Unicode>Pey den ſelben iarn</Unicode>
                </TextEquiv>
            </TextLine>
            <TextLine id="tr_2_tl_29" custom="readingOrder {index:27;}">
                <Coords points="2672,5087 3619,5082 3780,5152 4208,5157 4208,4979 4072,5009 3957,4960 3899,5011 3612,4967 3553,4999 3320,4936 3232,5009 3093,5004 3025,4945 2967,4999 2774,4958 2672,4996"/>
                <Baseline points="2686,5061 2762,5066 2838,5067 2915,5070 2991,5073 3068,5075 3144,5079 3220,5079 3297,5079 3373,5075 3450,5076 3526,5079 3602,5079 3679,5078 3755,5073 3832,5073 3908,5077 3984,5079 4061,5079 4137,5079 4214,5079"/>
                <TextEquiv>
                    <Unicode>Wurden allereich pechant</Unicode>
                </TextEquiv>
            </TextLine>
            <TextLine id="tr_2_tl_30" custom="readingOrder {index:28;}">
                <Coords points="2655,5264 4181,5308 4176,5152 3821,5177 3585,5082 2650,5091"/>
                <Baseline points="2668,5211 2743,5211 2819,5215 2895,5220 2971,5223 3047,5223 3122,5224 3198,5239 3274,5240 3350,5236 3426,5234 3501,5236 3577,5240 3653,5240 3729,5245 3805,5246 3880,5246 3956,5248 4032,5253 4108,5258 4184,5258"/>
                <TextEquiv>
                    <Unicode>Als ich ſy geſchriben vant</Unicode>
                </TextEquiv>
            </TextLine>
            <TextEquiv>
                <Unicode>Das was wider got getan
Swelich haiden aller reichſt was
Der peraitet de̅ abgot ein vas
Von lawtern golde
Als es got wunſchen ſolde
Vnd cʒieret die ſewl gemaine
Mit edelm geſtaine
Er ſacʒt die ſewl enpor
In einen ſchönen chor
Hey was er ym do ern tet
Mit chnye vallen vnd mit pet
Er pat es an für got
Sein vefluchtes ab got
Alle tag vnd alle cʒeit
Si heten in der werlt weyt
Ir alſo vil gemachet
Dauon der tewfel lachet
Das er het ane ſwer
So manigen diener
Die ym berait warn
Pey den ſelben jarn
PEy den cʒeiten was pechant
Ein man was rew genant
Pey dem die lant enhalb mer
Was vil volkes vnd groſſes her
Die alle vnder in warn
Pey den ſelben iarn
Wurden allereich pechant
Als ich ſy geſchriben vant</Unicode>
            </TextEquiv>
        </TextRegion>
    </Page>
</PcGts>
