5274 6046
727 587 2317 852 Mit ern ſey wir hie vil wol
731 789 2402 1004 Seid vnſer leib iſt vrewde̅ vol
681 932 2457 1137 DO enphalich im got d’ raine
883 1077 2242 1294 Daʒ paradeis gemaine
727 1238 2464 1465 Er ſprach cʒu ym ſeid ich pin got
698 1402 2300 1608 So ſult ir laiſten mein gepot
702 1554 2320 1762 Wann ir habent weis ſinne
693 1707 2305 1912 Der lat ewch nicht cʒe rinne
722 1849 1938 2078 Er ſprach cʒu in ſchon
700 2015 2151 2238 Dicʒ paradeis ſey ewr lon
695 2151 2264 2382 Dauon ada̅ enphilich ich dir
666 2317 2496 2525 Den ainen pawmen den lat mir
695 2455 2363 2691 Die andern ſein dir vndertan
693 2600 2496 2884 Vnd tuet daʒ ich geſproche̅ han
686 2785 2322 3027 Wann iʒʒeſt tu den aphel rot
729 2928 2257 3109 So müſt werlich ligen tot
654 4774 2187 5004 Do ſprach adam her' mein
671 4929 2052 5158 Waʒ du wilt daʒ ſol ſein
647 5074 2414 5325 Du piſt mein h'r vnd mein got
2597 630 4135 847 Ich laiſt gern dein gepot
2600 794 4224 1014 Ich nym daʒ leben für den tot
2585 997 4333 1154 Wann mich twinget groʒ not
2602 1098 4381 1313 Ich wil ſein pey der vogel ſank
2631 1250 4181 1460 Wann vil ſueʒʒ iſt ir chlank
2602 1395 4270 1583 Der aws ir werd munde gat
2607 1550 4446 1818 Wann eʒ in wunnichleich an ſtat
2588 1716 3669 1948 Ir liepleich ſingen
2585 1873 4043 2124 Ich ſich hen fur dringen
2636 2049 4463 2274 Die ſchönen plümen aws de̅ gras
2636 2194 4277 2433 Hey wie ſchön der veyal was
2583 2363 4357 2609 Vnd auch die liechte̅ roſen rot
2607 2505 4217 2747 Die ſtunden als got gepot
2612 2670 4504 2894 Der chle vnd auch liligen weis
2600 2807 4239 3082 Als eʒ got wolt mit vleiʒʒ
2571 2974 4417 3210 Der ſmak der von den paw̅ get
2609 3123 3973 3370 Vnd daʒ obs daʒ da ſtet
2597 3302 4398 3594 Daʒ ſmeket als der palſa̅ ſchon
2578 3469 4043 3727 Daʒ geit dir got cʒelon
2571 3650 4205 3874 Sprach er cʒu ſeinem weibe
2578 3814 4301 4036 Frewd hab wir an dem leibe
2578 3985 4439 4207 Die mag vns ny̅mer miſſegen
2554 4130 4463 4391 So wir vor vnſerm trechte̅ ſten
2588 4287 4410 4519 Der vns ſo ſchon beſchaffen hat
2554 4449 4101 4663 An aller hand miſſetat
2570 4593 4325 4828 Do gie adam vnd eva leiſe
2752 4748 4243 4980 Cʒetal in dem paradeiſe
2573 4902 4154 5122 Do was in vnmaſſen wol
2602 5013 4543 5276 Wann ſy warn gancʒer frevde vol
