5141 6005
758 582 2367 827 Es ſey die gancʒ warhait
724 782 2321 993 Vor manigen iarn geſait
724 938 2222 1174 Daʒ rom ſey die erſt ſtat
738 1089 2278 1332 Do menſch ye ein getrat
712 1251 2492 1472 Die diſhalb mers tüt pechant
721 1412 2429 1659 Die römer in der chriſte̅ lant
719 1573 2429 1813 Douon wellent ſi chriſten ſein
719 1732 2335 1953 Pechomen von ir chindlein
724 1907 2371 2138 Dauon iehe̅t ſy vnd ir chind
750 2076 2431 2292 Sein edler dann fürſten ſind
758 2234 2429 2494 Ich pin geweſen alſo chlueg
721 2398 2458 2658 Daʒ ich han gefragt genueg
738 2569 2314 2802 Ob yeman weſt die mere
738 2751 2395 2968 Von wann es chomen were
738 2927 2443 3141 Ob es yeman het vernomen
721 3066 2631 3307 Von wann die aige̅ chind kome̅
726 3244 2504 3461 Daʒ ward mir von der warhait
734 3410 2107 3639 Nye recht von geſait
736 3564 2422 3817 Mein frag ich doch dar cherte
714 3745 2443 3978 An die puch warn gelerte
702 3918 2220 4156 Sy iahent nicht geleiche
724 4101 2232 4307 Das wais ich ſicherleiche
712 4276 2251 4514 Es iehen ſümleich phaffen
721 4432 2287 4685 Es hab got nye beſchaffen
719 4591 2523 4846 Sümleich begunnent auch iehe̅
712 4784 2299 5026 Es ſey von noe geſchehen
688 4921 2431 5219 Daʒ er dem ſun tet den fluech
2698 580 4637 861 Als man es ſchreibet an dye püch
2708 786 4019 991 Seinen Sun chamen
2708 897 4202 1133 Vnd allein ſeinen ſamen
2720 1051 4584 1275 Vnd daʒ ſein ſun Sem vnd iaphet
2720 1205 4401 1441 Den ſegen von dem vater het
2713 1357 4674 1585 Des ſind ſy frey vnd heten genüg
2722 1530 4303 1729 Vnd alles des die erd trueg
2725 1652 4370 1905 Die warn cʒwey werd man
2725 1833 4291 2023 Des was in allen vndertan
2701 1975 4447 2191 Die iehent das die vrew̅t vrein
2713 2138 4483 2359 Vnd ſwas geſchlechtes vo̅ in ſein
2720 2282 4036 2504 Daʒ ſy alle frum warn
2744 2448 3954 2646 Nach in pey irn iarn
2689 2588 4134 2811 Daʒ ſey alles von der pet
2706 2768 4127 2997 Daʒ noe in den ſegen tet
2708 2927 3980 3143 Vnd daʒ ſein ſun cham
2720 3076 4214 3297 Den fluch von im vernam
2696 3228 4351 3446 Da ſind die aigen vo̅ chome̅
2672 3389 4430 3639 Alſo han ich die red vernomen
2684 3543 4105 3773 An got ich es laʒʒen ſol
2720 3696 4444 3930 Der wais die warhait alle wol
2677 3867 4425 4093 Ich wil ew'ch allen chunt tüen
2691 4026 4038 4245 Das Sem vnd noe ſun
2696 4192 4322 4430 Melchiſedech wart genant
2667 4321 4339 4577 Als ich es an dem püch vant
2691 4502 4466 4719 Vnd wart der erſt prieſter ain
2667 4654 4437 4863 Der auf daʒ erdreich ye erſchain
2713 4791 4565 5024 Er verricht daʒ volk ʒu de̅ cʒeite̅
2670 4964 4380 5224 Payde nachent vnd weyten
