5348 6055
657 611 1963 850 Vall von mir ein val
633 733 2048 1013 In das fewr hin cʒetal
633 889 2386 1157 Vnd die mit dir geweſen ſind
643 1064 2501 1322 Die ſind der pittern helle chind
613 1225 2493 1439 DO er daʒ wort voll geſprach
799 1368 2474 1610 Die engel ma̅ da vallen ſach
684 1522 1980 1746 Aws dem himelreiche
640 1668 1955 1899 Alle gemannchleiche
648 1826 2545 2053 Die mit ym warn aws ſein’ ſchar
616 1965 2369 2221 Die ſach man alle vallen gar
616 2118 2328 2357 Wan̅ ſy mit ym v’ſtoʒʒen ſind
609 2260 2355 2532 Dauon ſind ſy der helle chind
584 2496 2048 2749 Vnd auch die cʒweiffler
631 2664 2050 2934 Die ſind got vil vnmer
609 2873 2262 3119 Wann ſy ſein auch verſtoʒʒen
636 3053 2089 3297 Von andern irn genoʒſen
643 3248 2299 3482 Ich main die cʒweifler warn
636 3407 2194 3674 Die ſelben ſiecht man varn
631 3570 1994 3821 Noch hewt in die lewte
618 3774 2230 4018 Ʒwiſchen fleiſch vnd hewte
636 3945 2114 4188 Da mit wellen ſy gnüften
636 4135 2145 4368 Sy warn in den lewften
614 4317 2004 4534 Die andern ir geſellen
631 4473 2079 4712 Die müſſen in die hellen
614 4651 2489 4924 Der ſturm wirt da manichualt
643 4819 2145 5045 Sy werden anſlich geſtalt
636 4992 2447 5255 Die ſelben mit lawter ſtimme
2620 565 4444 852 Schreyent mit groʒſer grim̅e
2620 791 4042 984 Awe vetterleicher got
2613 935 4546 1164 Warumb cʒebrachen wir dein gepot
2613 1091 4405 1322 Des müſſen wir leiden arbait
2630 1254 4507 1507 Vnd ymmer werdens hercʒenlait
2620 1422 4417 1702 Weren wir dir her geweſen pey
2605 1578 4510 1873 So wer wir maniger ſorge̅ frey
2642 1753 3981 1980 Wir warn ſchön chlar
2637 1914 4042 2121 Vnd als die engel gevar
2622 2050 4473 2347 Nu müſſen wir manigs ſorig han
2598 2228 4312 2515 Das wir wol heten vnderſtan
2610 2396 4088 2654 Het wir got dem reichen
2581 2542 3989 2805 Gevolget ſtetichleichen
2601 2722 4497 3000 Seind wir des nicht habn̅ getan
2610 2890 4366 3134 Dauon vns got nicht ern gan
2630 3056 4169 3295 Die red erhort Lucifer
2885 3217 4176 3477 Dem was es vil ſwer
2581 3360 4222 3631 Wann er aws cʒorn ſprach
2698 3536 4385 3769 Ich leid vil pilleich vngemach
2588 3696 4001 3920 Awe vnſelige hoffart
2566 3852 4519 4096 Ia ſolt ich es wol habent pewart
2581 4025 4473 4249 Da lieʒʒ mich nicht der vbermüt
2593 4181 4252 4432 Der leib vnd ſel ſchaden tüt
2625 4364 4278 4585 Ee waʒ ich liecht vnd ſchön
2661 4534 4344 4768 Nu pin ich chrump vnd hön
2644 4704 4371 4928 Vnd trag auch chrumpe horn
2625 4860 4378 5067 Vnd pin auch ewichleich verlorn
2666 5009 4371 5274 Ich ſtink als ein vawler hunt
