5105 5984
833 2691 2531 2956 Aws groſſem iamer abraha̅ ſp'ch
833 2874 2384 3134 Vil liebes chind mein yſaac
803 3077 2069 3282 Ich enſol noch enmag
835 3164 2569 3394 Got nicht anders ophers geben
823 3312 2544 3557 Wann dein tugentleiches leben
850 3494 2121 3717 Vnd deinen leib alaine
848 3677 2381 3874 Wolt got ſolt ich gemaine
843 3797 2229 4050 Mit dir alſo er ſterben
838 3904 2504 4197 Ich wolt mit dir verderben
838 4090 2554 4342 Das dich ein aniders töten ſolt
840 4240 2669 4500 Fur mich dem wer ich y̅mer holt
836 4410 2609 4660 Do mit chnyet abraham nyder
868 4560 2361 4800 Ir geſahet ee noch ſyder
888 4740 2484 4962 Wie ein ſolichen iamer gros
858 4840 2641 5098 Das waſſer im vbʼ die gürtel flos
855 5045 2129 5290 Ʒetal auf ſein paine
2724 615 4740 888 Im was das haupt der leib geimain
2746 808 4440 1018 Als eine̅ toten mann gevar
2744 920 4690 1203 Sein hercʒ was ym cʒeproſte̅ gar
2751 1123 4170 1343 Vnd chnyet ein weylein
2771 1263 4457 1496 Er ſprach la dir gechlagt ſein
2749 1436 4030 1653 Got von himelreiche
2771 1568 4310 1823 Mein not gemainchleiche
2764 1753 4207 1926 Vater almechtiger got
2754 1868 4562 2124 Nu ſterk mich hewt an de̅ī gepot
2751 1991 4647 2254 Gib mir die chraſt vnd die macht
2749 2199 4192 2431 Daʒ ich icht werd ſighaft
2756 2334 4185 2569 Seid daʒ lieb chind mein
2769 2494 4325 2724 Dein heiliges opher ſol ſein
2774 2628 4631 2904 Mein hend ich nicht erpiete̅ mag
2769 2816 4277 3054 Daʒ ſy im tuen ainen flag
2771 2966 4437 3204 Dauon pit ich dich herre got
2761 3074 4710 3354 Daʒ du mich ſterkſt an deine̅ gepot
2769 3259 4650 3544 Das ſwert er pey de̅ chnopf vie
2774 3452 4360 3697 Gegen dem chind er do gie
2771 3547 4732 3837 Mit manigem iamer gros flos
2779 3722 4757 3989 Daʒ waſſer ym vaſt aws ſein̅e̅ augen
2774 3907 4272 4150 Alle ſein gelid gemaine
2749 4092 4392 4320 Arm haupt vnd gepaine
2784 4185 4720 4440 Daʒ was ym alles entwiche̅ gar
2796 4402 4642 4637 Vil iemerleich er ward gevar
2764 4525 4685 4765 Daʒ chund ewch niema̅ geſagen
2834 4697 4585 4930 Er het ſich ſelb nach erſlagen
2786 4845 4705 5065 Sein adern ſtrechten vor ym dann
2791 4982 4585 5230 Nyema̅ daʒ wol ſchreiben chan
