5353 6005
969 588 2319 851 Got dem vil reichen
994 775 2799 977 So mag vns ny̅mer miſſegan
1007 916 2842 1118 Wir ſein got pilleich vndertan
979 1068 2890 1340 Wann er vns ſelb beſchaffen hat
994 1234 2491 1494 An aller hand miſſetat
1007 1406 2683 1643 Das trachten engel alſo vil
1017 1567 2786 1797 Die ich nicht alle nennen wil
1012 1709 2733 1953 Vnd nicht alle nennen chan
1052 1873 2738 2100 Wann in got aller ern gan
1017 2044 2695 2246 Das habent ſy verdienet wol
987 2181 2602 2418 Cʒehymel ſind ſy frewden vol
1035 2329 2794 2572 Sümleich gedachten in irm müt
964 2501 2597 2738 Swer vnder in daʒ peſt tüt
992 2622 2579 2912 Do ſüllen wir mit beleiben
957 2819 2650 3041 Wer mag vns dann vertreib̅n
977 2955 2488 3208 Die ſelben warn cʒweifler
979 3132 2342 3341 Douon warn ſy vnmer
969 3268 2471 3490 Dem vil hochgeporn got
982 3410 2796 3614 Darumb ſo litten ſy groʒſen ſpot
2938 540 4798 871 Luciſer ſprach aws vreyem müt
2915 803 4757 1007 Ich ſag ew was mich dunkt güt
3001 939 4757 1158 Ich wil wiʒʒen die mit mir ſind
2983 1098 4772 1327 Wann ſi ſüllen weſen mein kind
2935 1242 4613 1484 Die ſchüllen pey mir peleiben
2920 1428 4505 1653 Ich wil ſy nicht vertreiben
2958 1580 4424 1825 Von dem hymeliſchen chor
2938 1731 4709 1994 Die andern laʒʒen ſten do uor
2943 1900 4389 2133 Die mein nicht enruchen
2923 2067 4682 2342 Vnd mein gnad nicht ſuchen
2940 2223 4394 2446 Do weſt got der reiche
2933 2362 4341 2567 Die red gemainchleiche
2963 2501 4687 2748 Er ſprach auʒ cʒornigem müt
2923 2663 4664 2910 Lucifer mir nicht ſchaden tüt
2935 2731 4969 3102 Wann er mir nicht geſchaden mag
2963 2991 4732 3251 Sein trachten wirt ym ein ſlag
2953 3165 4732 3427 Cʒwar die hoffart ſol nicht ſein
2938 3334 4321 3558 In dem hymelreich mein
