5041 5991
656 651 2563 883 Mit vrevd vnd mit vngemach
672 831 2410 1078 Do ſach er cʒwiſchen den dorn
669 982 2264 1204 Einen wider pey den horn
651 1110 2141 1365 Haften als ich ſagen wil
672 1258 2209 1487 Des gewan er frewde̅ vil
654 1448 2173 1662 Den ophert er an der ſtat
664 1599 2363 1837 Als ym ſein hercʒ gab de̅ rat
669 1751 2529 1995 Er ſprach ſun mir iſt daʒ wol pe¬
2324 1925 2550 2107 cha̅t
664 1907 2321 2136 Daʒ opher hat vns got geſa̅t
630 2089 2501 2334 Wann ſun wem got helfen wil
662 2219 2219 2488 Der hat ymmer ſelden vil
607 2378 1855 2628 Abraham der gute
633 2558 2035 2772 Der lebt in gotes hute
646 2699 2326 2962 Hundert vnd ſibencʒig iare
638 2892 2321 3121 Nu han ich ew geſaget gare
638 3035 2251 3267 Von ſeinem alter ſicherleich
2670 680 4387 948 Got nam in hin in ſein reich
2665 844 4462 1091 Nu mag ich ew nicht verdage̅
2615 1019 4710 1253 Jch mus ew von der warhait ſage̅
2652 1164 4504 1396 Daʒ got fümf ſtete̅ was gram
2670 1373 4014 1594 Vmb ir vngehorſam
2670 1508 3939 1722 Er lies ſy verſinchen
2657 1636 4335 1870 Vnd in der erden ertrinken
2665 1797 4374 2019 Ich wil ew allen tun bechant
2634 1967 4152 2178 Wie die ſtet ſein genant
2623 2120 4113 2337 Ain ſtat gomorra hies
2641 2269 4353 2485 Do er die leut ertrinken lies
2615 2436 4319 2654 Die ander ſtat hies sodoma
2641 2589 4283 2866 Vnrain lewt warn auch da
2610 2756 3853 2967 Die drit ſabonn hies
2641 2850 4194 3131 Die er auch ertrinchen lies
2634 3043 3855 3228 Vmb ir pos ſünd da
2615 3204 3915 3407 Die vierd hies adama
2615 3366 4139 3603 Die fümft ſtat hies ſogor
2615 3532 4301 3759 Aws der was gegange̅ uor
2623 3681 4296 3900 Lotes hauſfraw als man ſait
2613 3842 4296 4056 Der geſchach ſeid vil gros laid
2589 3996 4343 4223 In de̅ fumf ſteten vor genant
2615 4158 4020 4382 Warn inn lewt erchant
2641 4309 4442 4556 Die ny̅mer poſer mochten geſein
2600 4460 4116 4686 Man degen vnd chindlein
2613 4634 3788 4832 Heten ſy cʒeprewte
2628 4772 3928 5004 Die ſelben pöſen lewte
2600 4918 4486 5176 Nu merchet wie gar de̅ tewfel ſey
