5134 5972
709 570 2552 825 Weynreben an den welde̅ vant
714 724 2288 972 Mit ym lieſ ein pok chlug
714 886 2498 1131 Der aʒ der weinreben genug
709 1035 2222 1271 Daʒ er vil trunken ward
709 1195 2620 1438 Vnd im der wein ran vb’ de̅ part
732 1374 2455 1590 Das was cʒwar der erſt pok
739 1526 2514 1754 Der de̅ wein vand an de̅ ſtok
726 1698 2486 1904 Vnd was ein michel wunder
714 1838 2303 2071 daʒ er den wein peſunder
714 2015 2015 2207 Vant der da nücʒ iſt
2339 2020 2587 2200 liſt
726 2159 2549 2362 Wann cʒwar daʒ was ein frömd
719 2331 2453 2534 Vnd ein groʒſe chundichait
719 2481 2395 2688 Daʒ ſey ew allen vor geſait
724 2625 2448 2870 DAs daucht noe vil gute
1026 2774 2549 2979 Er ſp’ch got hab vns in ſein
780 2929 2617 3086 Die toph er ym geben pat hute
2686 544 4450 797 Vnd macht moſt an der ſtat
2698 742 4404 949 Dar nach ſtund es vnlangch
2686 896 4346 1101 Daʒ er ſelb den moſt trankch
2726 1035 4571 1233 Er was nicht ſo weis vn̅ ſo chlug
2708 1192 4579 1405 Er daucht in wunderleich genug
2673 1347 4483 1544 Jm pegund die cʒunge hinchen
2698 1493 4306 1711 Do er in pegund trinchen
2691 1635 4498 1878 Des muſt er vallen an den nak
2703 1782 4377 2000 Wann er do vnuerſunne̅ lak
2698 1941 4296 2187 Von dem moſt den er trank
2691 2081 4321 2311 Die müd vaſt mit ym rank
2714 2255 4083 2450 Er was vnuerſunnen
2714 2402 4518 2622 Daʒ geſchach pey einem pru̅nen
2708 2557 4212 2784 Er het ſich auch gereket
2721 2708 4480 2946 Vnd die fueʒ von ym geſtreket
2719 2878 4473 3106 Ʒu den cʒeiten was auch der ſit
2701 3020 4460 3253 Das man die rok machet mit
2721 3169 3794 3415 Mit offen geren
2703 3346 4207 3572 Dauon muſt ſich verchern
2691 3524 4346 3698 Von ſeine̅ leib daʒ er plekt
2676 3670 4544 3913 Wann in darnach nyema̅ dekt
2721 3840 4245 4053 Douon muſt er pleken
2701 3959 4430 4227 Er chund ſich nicht gedeken
2706 4144 4404 4369 Er het auch drey ſün cʒwar
2698 4316 4539 4533 Die warn ym lieb an maſſe̅ gar
2673 4473 4334 4703 Der ain was Sem genant
2691 4607 4559 4863 Des tugent cʒiert wol ein lant
2698 4809 4475 5007 Der ander hies Iaphet cʒwar
2691 4933 4723 5159 Der was an tugente̅ gecʒieret gar
