5200 6005
817 543 2462 794 Cʒu dem ſprich du mit wicʒen
862 722 2534 970 Ewch enpewtet lieber hv̂ mein
853 857 2475 1063 Mein vater den gepreſten ſein
855 1002 2511 1240 Daʒ er vil chrankait an ym hat
826 1145 2217 1360 An einer yegleichen ſtat
839 1287 2179 1502 An ſeinem leib v̈ber alle
839 1453 2554 1672 Ruret in ſein chrankait an cʒale
851 1584 2532 1801 Sein leib iſt iemerleich geſtalt
851 1729 2348 1959 Vnd iſt auch an maʒſen alt
869 1885 2471 2102 Er pittet ewch lieber hv̂ ſer
833 2029 2416 2240 Daʒ ir daʒ tuet durch ewr er
857 2172 2559 2432 Daʒ ir ym ſendet eine̅ aphel rot
778 2326 2425 2559 So let in vrey noch der tod
810 2486 1973 2699 Aws dem paradeis
869 2654 2525 2860 So wirt er chreftig vnd weis
772 2752 2149 3152 Do der ſun erhort
1077 2962 2611 3190 Des vaters chlegleich wort
796 3093 2330 3274 So gienk er hin vil drate
2731 548 3953 778 Als in ſein will pate
2785 733 3815 943 Cʒu dem paradeiſe
2772 869 4296 1088 So vant er den engel weiſe
2765 993 4369 1217 Als ym ſein vater het geſait
2778 1179 4405 1387 Das was ein gancʒe warhait
2778 1299 4122 1511 Cʒu dem engel er do gie
2772 1446 4324 1699 Der engel in do wol enphie
2735 1611 4335 1855 Gnad herr ſprach der man
2742 1758 4477 2014 Auf gnad pin ich her gegan
2740 1925 4545 2161 Mein vater hat mich her geſāt
2738 2102 4048 2301 Adam ſo iſt er genant
2753 2220 4482 2493 Er pittet ewch lieb' herr mein
2713 2403 4446 2640 Daʒ ir ewch lat gechlaget ſein
2724 2536 4369 2760 Daʒ er vil chankait an ym hat
2717 2677 4407 2934 Sein leben kumerleichen ſtat
2724 2882 4548 3129 Deʒ pittet er ewch fleiʒchleichen
2715 3016 4020 3249 Durch got den reichen
2704 3163 4432 3421 Daʒ ir ym ſendet dʼ ophel ainen
2686 3351 4315 3559 Vnd nymmer mer chainen
2683 3493 4444 3729 Der frucht aws dem paradeis
2701 3658 4432 3885 So wirt er chreftig vnd weis
2679 3812 4197 4032 So ſprach der engel gut
2667 3971 3993 4165 Aws vil vreyem mut
2713 4125 4364 4337 Geſell la dir nicht weſen ſait
2713 4285 4389 4507 Ich wil dir ſagen die warhait
2672 4441 4292 4643 Ʒw wew iſt ym der aphel rot
2667 4591 4405 4806 So du ym chumeſt ſo iſt er tot
2610 4738 4358 4955 Do er erhort die warhait
2873 4873 4416 5091 Die ym der engel het geſait
2722 5002 4181 5281 Do gacht er haim palde
