<?xml version="1.0" encoding="UTF-8" standalone="yes"?>
<PcGts xmlns="http://schema.primaresearch.org/PAGE/gts/pagecontent/2013-07-15" xmlns:xsi="http://www.w3.org/2001/XMLSchema-instance" xsi:schemaLocation="http://schema.primaresearch.org/PAGE/gts/pagecontent/2013-07-15 http://schema.primaresearch.org/PAGE/gts/pagecontent/2013-07-15/pagecontent.xsd">
    <Metadata>
        <Creator>prov=READ-COOP:name=PyLaia@TranskribusPlatform:version=2.20.0:model_id=239629:lm=none:date=18_12_2024_06:53</Creator>
        <Created>2024-11-08T13:43:38.329+01:00</Created>
        <LastChange>2024-12-18T14:59:25.239+01:00</LastChange>
        <TranskribusMetadata docId="5064035" pageId="82735106" pageNr="113" tsid="213483525" status="DONE" userId="92802" imgUrl="https://files.transkribus.eu/Get?id=QZZSDNLIWFEDFICMZIXMKWDJ&amp;fileType=view" xmlUrl="https://files.transkribus.eu/Get?id=WIIZAKHYPWZNQKJHRHCQZKPV" imageId="68084775"/>
    </Metadata>
    <Page imageFilename="enikel weltchronik-0113.jpeg" imageWidth="5041" imageHeight="5991">
        <ReadingOrder>
            <OrderedGroup id="ro_1734603115802" caption="Regions reading order">
                <RegionRefIndexed index="0" regionRef="r_1"/>
                <RegionRefIndexed index="1" regionRef="r"/>
            </OrderedGroup>
        </ReadingOrder>
        <TextRegion id="r_1" custom="readingOrder {index:0;}">
            <Coords points="2618,5229 632,5229 632,423 2618,423"/>
            <TextLine id="l_10" custom="readingOrder {index:0;}">
                <Coords points="705,825 895,800 1255,885 1455,880 1630,815 1735,870 1905,875 2000,825 2494,875 2484,565 2344,550 2089,675 1995,635 1870,665 1750,610 1670,655 1445,630 1250,685 1025,670 700,565"/>
                <Baseline points="733,775 821,775 910,781 998,781 1087,787 1176,793 1264,799 1353,799 1442,804 1530,805 1619,810 1708,811 1796,816 1885,822 1974,818 2062,822 2151,823 2240,823 2328,823 2417,823 2506,835"/>
                <TextEquiv>
                    <Unicode>Trenchen den lieben vat’ mein</Unicode>
                </TextEquiv>
            </TextLine>
            <TextLine id="l_12" custom="readingOrder {index:1;}">
                <Coords points="730,955 845,995 925,965 1030,1030 1135,970 1365,1040 1575,980 2559,1035 2554,835 2474,875 2409,840 2269,910 1995,830 1905,875 1555,835 1245,885 1010,820 900,840 840,795 730,825"/>
                <Baseline points="757,942 847,942 938,948 1029,954 1119,954 1210,954 1301,954 1391,960 1482,960 1573,960 1664,961 1754,966 1845,967 1936,973 2026,978 2117,979 2208,984 2298,985 2389,990 2480,991 2571,990"/>
                <TextEquiv>
                    <Unicode>Es ſey mein muter die vns lieʒ</Unicode>
                </TextEquiv>
            </TextLine>
            <TextLine id="l_14" custom="readingOrder {index:2;}">
                <Coords points="705,1125 825,1115 1020,1185 1100,1145 1170,1195 1300,1115 1465,1185 1535,1130 1740,1190 1895,1135 2394,1195 2504,1155 2504,1015 2369,1055 1575,980 1360,1040 1200,975 1080,985 1030,1035 930,965 700,1005"/>
                <Baseline points="733,1103 822,1103 911,1109 1000,1109 1090,1109 1179,1115 1268,1115 1357,1109 1447,1109 1536,1109 1625,1115 1714,1115 1804,1121 1893,1127 1982,1127 2071,1133 2161,1133 2250,1139 2339,1139 2428,1139 2518,1139"/>
                <TextEquiv>
                    <Unicode>Vnd ſich in groſſen iamer ſties</Unicode>
                </TextEquiv>
            </TextLine>
            <TextLine id="l_1" custom="readingOrder {index:3;}">
                <Coords points="2618,1344 2534,1390 2419,1340 2144,1370 2064,1305 1640,1350 1415,1295 1195,1320 1115,1275 970,1330 890,1275 795,1305 705,1270 700,1115 1020,1185 1080,1145 1175,1195 1270,1130 1465,1180 1545,1135 1625,1180 1685,1145 1745,1195 1895,1135 2114,1205 2304,1160 2399,1200 2444,1160 2514,1220 2618,1196"/>
                <Baseline points="733,1259 932,1259 1132,1265 1332,1270 1532,1276 1732,1283 1932,1294 2132,1300 2332,1311 2532,1306 2618,1302"/>
                <TextEquiv>
                    <Unicode>Die yung ſp’ch ich ſag dir für war</Unicode>
                </TextEquiv>
            </TextLine>
            <TextLine id="l_17" custom="readingOrder {index:4;}">
                <Coords points="700,1410 890,1450 1070,1420 1350,1505 1545,1450 1690,1520 1825,1520 1945,1465 2244,1535 2334,1490 2474,1505 2469,1350 2184,1340 2129,1385 2049,1330 1895,1360 1790,1310 1645,1355 1585,1310 1340,1350 1105,1285 1010,1330 695,1285"/>
                <Baseline points="727,1402 815,1408 903,1408 991,1414 1079,1414 1167,1419 1255,1425 1343,1426 1431,1431 1519,1427 1607,1431 1695,1437 1783,1443 1871,1453 1959,1455 2047,1459 2135,1461 2223,1465 2311,1471 2399,1469 2488,1467"/>
                <TextEquiv>
                    <Unicode>Wirt er ſein inn pey aim har</Unicode>
                </TextEquiv>
            </TextLine>
            <TextLine id="l_19" custom="readingOrder {index:5;}">
                <Coords points="720,1585 830,1540 955,1580 1165,1560 1335,1625 1685,1600 1915,1670 2034,1625 2154,1695 2219,1650 2474,1675 2464,1505 2384,1480 2154,1545 1950,1465 1790,1525 1600,1455 1345,1505 715,1420"/>
                <Baseline points="745,1533 831,1539 918,1545 1005,1550 1092,1556 1179,1567 1266,1574 1352,1580 1439,1581 1526,1585 1613,1587 1700,1591 1787,1597 1874,1603 1960,1608 2047,1614 2134,1617 2221,1620 2308,1623 2395,1623 2482,1623"/>
                <TextEquiv>
                    <Unicode>Ʒwar er wirt dir tun den tod</Unicode>
                </TextEquiv>
            </TextLine>
            <TextLine id="l_21" custom="readingOrder {index:6;}">
                <Coords points="730,1740 850,1765 1170,1720 1510,1820 1655,1765 1845,1835 1915,1785 2019,1810 2074,1775 2184,1835 2304,1785 2519,1820 2514,1695 2404,1710 2259,1650 2149,1705 2099,1670 1940,1690 1675,1600 1545,1640 1165,1560 720,1585"/>
                <Baseline points="751,1688 844,1694 938,1695 1031,1701 1125,1707 1219,1715 1312,1724 1406,1728 1500,1736 1593,1738 1687,1742 1780,1745 1874,1755 1968,1764 2061,1770 2155,1780 2249,1784 2342,1789 2436,1785 2530,1778"/>
                <TextEquiv>
                    <Unicode>Deʒ twinget in dann groſe not</Unicode>
                </TextEquiv>
            </TextLine>
            <TextLine id="l_23" custom="readingOrder {index:7;}">
                <Coords points="700,1875 2494,1990 2484,1870 2389,1875 2234,1790 2179,1835 2059,1780 1990,1820 1915,1785 1850,1840 1620,1755 1505,1820 1445,1770 1260,1780 1160,1725 1055,1775 690,1730"/>
                <Baseline points="722,1861 810,1861 899,1861 988,1867 1077,1867 1166,1879 1255,1885 1344,1891 1433,1891 1522,1897 1611,1897 1699,1903 1788,1908 1877,1914 1966,1920 2055,1926 2144,1938 2233,1950 2322,1956 2411,1957 2500,1951"/>
                <TextEquiv>
                    <Unicode>Wann du verlieſen wilt de̅i er</Unicode>
                </TextEquiv>
            </TextLine>
            <TextLine id="l_25" custom="readingOrder {index:8;}">
                <Coords points="700,2059 1060,2029 1425,2134 1605,2049 1720,2124 1915,2094 2109,2159 2204,2119 2379,2139 2564,2224 2579,1955 2399,2000 1450,1920 1395,1975 1170,1895 685,1895"/>
                <Baseline points="722,2004 820,2005 919,2010 1018,2012 1117,2021 1216,2028 1315,2036 1414,2044 1513,2046 1612,2046 1710,2058 1809,2059 1908,2066 2007,2072 2106,2082 2205,2095 2304,2104 2403,2111 2502,2112 2601,2112"/>
                <TextEquiv>
                    <Unicode>Die alt ſprach du fürchteſt dir ſer</Unicode>
                </TextEquiv>
            </TextLine>
            <TextLine id="l_27" custom="readingOrder {index:9;}">
                <Coords points="700,2209 880,2224 1005,2169 1155,2219 1200,2194 1330,2264 1425,2194 1470,2234 1945,2254 2454,2369 2469,2104 2299,2164 2204,2119 2144,2159 1970,2139 1900,2094 1715,2124 1605,2059 1420,2129 1155,2089 1060,2029 690,2064"/>
                <Baseline points="727,2166 815,2160 903,2166 991,2166 1079,2172 1167,2182 1255,2188 1343,2194 1431,2195 1519,2200 1607,2206 1695,2207 1783,2216 1871,2219 1959,2224 2047,2229 2135,2240 2223,2256 2311,2265 2399,2271 2488,2273"/>
                <TextEquiv>
                    <Unicode>Ich mus in naket heint beſta̅</Unicode>
                </TextEquiv>
            </TextLine>
            <TextLine id="l_29" custom="readingOrder {index:10;}">
                <Coords points="715,2334 855,2319 1165,2389 1215,2359 1305,2404 1480,2374 1560,2419 1665,2384 1705,2424 2129,2459 2234,2509 2329,2464 2319,2309 1890,2244 1845,2294 1425,2194 1335,2264 1200,2194 1115,2249 1040,2194 920,2239 815,2194 705,2209"/>
                <Baseline points="739,2321 819,2316 899,2315 979,2319 1059,2324 1139,2333 1219,2341 1299,2347 1379,2352 1459,2357 1539,2357 1619,2361 1699,2371 1779,2374 1859,2380 1939,2386 2019,2388 2099,2394 2179,2404 2259,2410 2339,2416"/>
                <TextEquiv>
                    <Unicode>Wie halt es mir ſull ergan</Unicode>
                </TextEquiv>
            </TextLine>
            <TextLine id="l_30" custom="readingOrder {index:11;} structure {type:paragraph;}">
                <Coords points="658,2487 1530,2529 1665,2579 1780,2549 1835,2594 1905,2549 2094,2604 2234,2574 2229,2489 1435,2419 1355,2374 1270,2419 1200,2369 646,2314"/>
                <Baseline points="907,2482 974,2487 1041,2488 1108,2489 1175,2494 1242,2498 1309,2503 1376,2506 1443,2506 1510,2506 1578,2509 1645,2515 1712,2524 1779,2528 1846,2533 1913,2537 1980,2541 2047,2550 2114,2556 2181,2560 2249,2565"/>
                <TextEquiv>
                    <Unicode>DAr mit ir vater cʒu gie</Unicode>
                </TextEquiv>
            </TextLine>
            <TextLine id="l_32" custom="readingOrder {index:12;}">
                <Coords points="845,2664 930,2644 995,2689 1450,2739 1610,2674 1725,2744 1875,2704 2054,2779 2244,2729 2504,2844 2604,2824 2589,2629 2179,2639 1940,2554 1760,2614 1535,2529 1430,2564 1275,2509 830,2484"/>
                <Baseline points="865,2625 952,2631 1039,2637 1126,2648 1213,2654 1300,2660 1387,2666 1474,2667 1561,2672 1648,2678 1736,2683 1823,2689 1910,2699 1997,2707 2084,2713 2171,2719 2258,2731 2345,2741 2432,2747 2519,2753 2607,2756"/>
                <TextEquiv>
                    <Unicode>Die tochter in vil ſchon enphie</Unicode>
                </TextEquiv>
            </TextLine>
            <TextLine id="l_34" custom="readingOrder {index:13;}">
                <Coords points="690,2814 1155,2834 1335,2899 1620,2844 1715,2894 2209,2904 2379,3004 2444,2979 2434,2809 2249,2729 2154,2789 2059,2784 1990,2724 1720,2759 1600,2689 1495,2734 1090,2709 670,2559"/>
                <Baseline points="710,2768 796,2774 883,2780 970,2791 1057,2797 1144,2808 1230,2815 1317,2816 1404,2821 1491,2822 1578,2830 1664,2834 1751,2838 1838,2844 1925,2849 2012,2859 2098,2864 2185,2867 2272,2873 2359,2881 2446,2888"/>
                <TextEquiv>
                    <Unicode>Vnd trug im für ein legelein</Unicode>
                </TextEquiv>
            </TextLine>
            <TextLine id="l_36" custom="readingOrder {index:14;}">
                <Coords points="645,2949 1030,2984 1090,3034 1355,2984 1885,3069 2014,3019 2139,3089 2229,3059 2219,2919 2179,2909 2044,2944 1620,2844 1520,2899 1440,2864 1375,2899 860,2804 640,2809"/>
                <Baseline points="674,2929 752,2929 830,2938 909,2949 987,2956 1066,2964 1144,2971 1223,2972 1301,2977 1380,2977 1458,2977 1536,2981 1615,2986 1693,2991 1772,2997 1850,3001 1929,3001 2007,3006 2086,3012 2164,3017 2243,3019"/>
                <TextEquiv>
                    <Unicode>Dar inn was vil gut wein</Unicode>
                </TextEquiv>
            </TextLine>
            <TextLine id="l_38" custom="readingOrder {index:15;}">
                <Coords points="640,3114 985,3134 1155,3204 1470,3154 1690,3209 2049,3179 2404,3244 2394,3024 2129,3084 2024,3019 1890,3074 1340,2979 1115,3044 1030,2984 635,2959"/>
                <Baseline points="668,3102 755,3096 842,3102 929,3108 1016,3113 1103,3119 1190,3125 1277,3131 1364,3132 1451,3137 1539,3142 1626,3148 1713,3150 1800,3150 1887,3154 1974,3156 2061,3156 2148,3159 2235,3162 2322,3162 2410,3162"/>
                <TextEquiv>
                    <Unicode>Vnd hies in trinken vil genot</Unicode>
                </TextEquiv>
            </TextLine>
            <TextLine id="l_40" custom="readingOrder {index:16;}">
                <Coords points="675,3329 870,3269 1030,3334 1180,3304 1665,3354 1725,3314 1910,3364 1990,3334 2059,3379 2199,3344 2344,3404 2524,3359 2519,3244 2249,3244 2049,3179 1690,3209 1410,3154 1310,3209 1150,3204 980,3134 665,3129"/>
                <Baseline points="698,3252 789,3258 881,3264 972,3269 1064,3276 1156,3282 1247,3287 1339,3287 1430,3288 1522,3294 1614,3299 1705,3301 1797,3305 1888,3305 1980,3307 2072,3315 2163,3323 2255,3325 2346,3331 2438,3335 2530,3335"/>
                <TextEquiv>
                    <Unicode>Pis daʒ er ward vo̅ tru̅chait rot</Unicode>
                </TextEquiv>
            </TextLine>
            <TextLine id="l_42" custom="readingOrder {index:17;}">
                <Coords points="625,3464 1005,3444 1105,3494 1355,3509 1485,3464 1680,3519 1780,3464 2259,3529 2349,3514 2344,3354 1970,3389 1725,3314 1675,3364 1550,3324 1445,3359 1180,3304 1050,3329 890,3279 815,3329 620,3314"/>
                <Baseline points="650,3431 735,3425 820,3425 906,3425 991,3425 1076,3430 1162,3435 1247,3441 1332,3443 1418,3447 1503,3449 1588,3449 1674,3449 1759,3451 1844,3454 1930,3456 2015,3461 2100,3467 2186,3473 2271,3479 2357,3490"/>
                <TextEquiv>
                    <Unicode>Vnd auch vnuerſunnen lag</Unicode>
                </TextEquiv>
            </TextLine>
            <TextLine id="l_43" custom="readingOrder {index:18;}">
                <Coords points="645,3639 885,3589 1140,3664 1365,3674 1465,3624 1900,3694 1990,3634 2119,3699 2329,3629 2414,3689 2539,3684 2534,3514 2414,3459 2239,3534 2009,3479 1740,3469 1675,3519 1450,3464 1345,3509 1285,3474 1095,3494 1005,3444 930,3489 640,3454"/>
                <Baseline points="674,3592 772,3586 871,3586 970,3586 1069,3586 1168,3589 1267,3596 1366,3602 1465,3604 1564,3604 1662,3604 1761,3604 1860,3606 1959,3612 2058,3619 2157,3625 2256,3628 2355,3628 2454,3628 2553,3633"/>
                <TextEquiv>
                    <Unicode>Die nacht chom vnd cʒergie d' tag</Unicode>
                </TextEquiv>
            </TextLine>
            <TextLine id="l_45" custom="readingOrder {index:19;}">
                <Coords points="660,3774 750,3764 895,3829 1135,3749 1340,3809 1710,3809 1805,3864 1970,3809 2204,3849 2199,3684 2084,3699 1990,3629 1890,3699 1620,3639 1535,3669 1475,3634 1395,3684 975,3604 655,3619"/>
                <Baseline points="680,3747 761,3742 842,3741 923,3741 1004,3745 1085,3747 1166,3750 1247,3755 1328,3759 1409,3760 1490,3765 1571,3759 1652,3764 1733,3765 1814,3765 1895,3768 1976,3774 2057,3777 2138,3781 2219,3795"/>
                <TextEquiv>
                    <Unicode>Ein pettward do pechant</Unicode>
                </TextEquiv>
            </TextLine>
            <TextLine id="l_47" custom="readingOrder {index:20;}">
                <Coords points="640,3939 760,3914 975,3979 1085,3949 1130,3989 1270,3929 1605,4004 1805,3919 2059,3999 2154,3949 2244,4014 2329,3964 2414,3984 2409,3749 2214,3864 2069,3819 1840,3854 1555,3789 1320,3809 1135,3749 870,3829 730,3759 640,3774"/>
                <Baseline points="668,3902 756,3890 844,3902 932,3902 1020,3908 1108,3914 1196,3914 1284,3914 1372,3919 1460,3915 1548,3914 1636,3919 1724,3920 1812,3920 1900,3925 1988,3931 2076,3932 2164,3936 2252,3942 2340,3944 2428,3956"/>
                <TextEquiv>
                    <Unicode>Daʒ het die tochter mit ir ha̅t</Unicode>
                </TextEquiv>
            </TextLine>
            <TextLine id="l_48" custom="readingOrder {index:21;}">
                <Coords points="625,4089 970,4089 1055,4149 1215,4104 1275,4159 1365,4129 1550,4174 1790,4089 1895,4149 2124,4154 2274,4119 2274,4019 2159,3964 1775,4004 1705,3959 1540,4004 1380,3934 1175,3939 1125,3989 730,3924 620,3949"/>
                <Baseline points="650,4063 731,4063 813,4068 895,4073 977,4075 1058,4075 1140,4078 1222,4083 1304,4085 1385,4082 1467,4087 1549,4087 1631,4087 1712,4087 1794,4087 1876,4091 1958,4093 2039,4093 2121,4096 2203,4101 2285,4099"/>
                <TextEquiv>
                    <Unicode>Gemachet ſo ſy peſt chunde</Unicode>
                </TextEquiv>
            </TextLine>
            <TextLine id="l_50" custom="readingOrder {index:22;}">
                <Coords points="655,4269 1185,4289 1335,4354 1800,4284 1880,4339 1955,4304 2029,4344 2104,4299 2304,4354 2364,4299 2509,4324 2504,4119 2289,4094 2144,4169 2009,4119 1935,4154 1830,4124 1760,4184 1655,4129 1455,4174 1365,4129 1285,4164 1215,4104 1170,4149 1060,4149 990,4094 650,4099"/>
                <Baseline points="680,4230 772,4224 864,4231 956,4243 1048,4248 1141,4248 1233,4249 1325,4254 1417,4254 1509,4254 1602,4254 1694,4254 1786,4256 1878,4258 1970,4256 2063,4265 2155,4272 2247,4272 2339,4278 2431,4287 2524,4290"/>
                <TextEquiv>
                    <Unicode>Er legt ſich an der ſelbe̅ ſtunde</Unicode>
                </TextEquiv>
            </TextLine>
            <TextLine id="l_52" custom="readingOrder {index:23;}">
                <Coords points="640,4449 830,4409 980,4489 1040,4424 1435,4484 1480,4444 1630,4529 1775,4429 1920,4489 2149,4474 2144,4304 1875,4349 1805,4284 1655,4334 1610,4294 1350,4364 1185,4289 630,4274"/>
                <Baseline points="662,4391 736,4391 811,4395 886,4400 961,4405 1036,4411 1111,4421 1186,4426 1261,4431 1336,4433 1411,4433 1485,4433 1560,4433 1635,4433 1710,4429 1785,4430 1860,4433 1935,4433 2010,4433 2085,4438 2160,4445"/>
                <TextEquiv>
                    <Unicode>Ʒu im legt ſy ſich drate</Unicode>
                </TextEquiv>
            </TextLine>
            <TextLine id="l_54" custom="readingOrder {index:24;}">
                <Coords points="605,4579 695,4559 955,4629 1050,4599 1185,4654 1420,4594 1645,4654 2254,4644 2249,4469 2159,4519 1770,4529 1675,4489 1620,4529 1480,4449 1090,4484 1020,4449 935,4499 790,4404 695,4459 605,4444"/>
                <Baseline points="632,4552 713,4552 794,4557 876,4567 957,4574 1039,4576 1120,4579 1202,4584 1283,4590 1365,4594 1446,4594 1527,4594 1609,4589 1690,4593 1772,4590 1853,4588 1935,4591 2016,4594 2098,4594 2179,4596 2261,4594"/>
                <TextEquiv>
                    <Unicode>Vber ſich dakcht ſy ir wate</Unicode>
                </TextEquiv>
            </TextLine>
            <TextLine id="l_57" custom="readingOrder {index:25;}">
                <Coords points="605,4754 785,4734 1005,4824 1255,4804 1315,4759 1475,4839 1550,4809 1685,4844 1795,4749 2009,4869 2074,4824 2179,4849 2304,4769 2404,4839 2489,4824 2489,4674 1650,4659 1570,4619 1500,4649 1430,4599 1180,4654 1050,4599 955,4629 690,4559 600,4579"/>
                <Baseline points="632,4725 725,4725 818,4725 912,4731 1005,4732 1099,4738 1192,4745 1285,4749 1379,4751 1472,4755 1566,4752 1659,4749 1752,4749 1846,4749 1939,4753 2033,4755 2126,4759 2219,4757 2313,4755 2406,4755 2500,4767"/>
                <TextEquiv>
                    <Unicode>Vnd legt ſich ſchon an irn arm</Unicode>
                </TextEquiv>
            </TextLine>
            <TextLine id="l_58" custom="readingOrder {index:26;}">
                <Coords points="645,4969 725,4984 920,4904 990,4949 1325,4959 1435,5004 1530,4954 1905,5004 2049,4949 2204,5024 2369,5024 2474,4954 2469,4759 2309,4759 2224,4834 2084,4824 2000,4869 1795,4754 1680,4844 1280,4789 1000,4824 915,4759 640,4739"/>
                <Baseline points="674,4881 764,4881 855,4887 946,4893 1036,4899 1127,4904 1218,4910 1308,4911 1399,4915 1490,4911 1581,4916 1671,4917 1762,4922 1853,4922 1943,4922 2034,4922 2125,4922 2215,4922 2306,4923 2397,4928 2488,4916"/>
                <TextEquiv>
                    <Unicode>Da lagen ſy vnmaſſen warm</Unicode>
                </TextEquiv>
            </TextLine>
            <TextLine id="l_60" custom="readingOrder {index:27;}">
                <Coords points="790,5169 1025,5094 1155,5139 1305,5099 1375,5154 1470,5104 1675,5194 1770,5159 1945,5204 2164,5184 2154,5009 2059,5014 2009,4964 1900,5009 1690,4999 1640,4954 1430,5004 1185,4949 1140,4979 940,4904 785,4944"/>
                <Baseline points="811,5042 879,5047 947,5048 1015,5051 1083,5060 1151,5065 1219,5069 1287,5072 1355,5072 1423,5072 1491,5076 1559,5076 1627,5073 1695,5077 1763,5078 1831,5078 1899,5078 1967,5078 2035,5085 2103,5092 2172,5101"/>
                <TextEquiv>
                    <Unicode>A der vater erwachte</Unicode>
                </TextEquiv>
            </TextLine>
            <TextEquiv>
                <Unicode>Trenchen den lieben vat’ mein
Es ſey mein muter die vns lieʒ
Vnd ſich in groſſen iamer ſties
Die yung ſp’ch ich ſag dir für war
Wirt er ſein inn pey aim har
Ʒwar er wirt dir tun den tod
Deʒ twinget in dann groſe not
Wann du verlieſen wilt de̅i er
Die alt ſprach du fürchteſt dir ſer
Ich mus in naket heint beſta̅
Wie halt es mir ſull ergan
DAr mit ir vater cʒu gie
Die tochter in vil ſchon enphie
Vnd trug im für ein legelein
Dar inn was vil gut wein
Vnd hies in trinken vil genot
Pis daʒ er ward vo̅ tru̅chait rot
Vnd auch vnuerſunnen lag
Die nacht chom vnd cʒergie d' tag
Ein pettward do pechant
Daʒ het die tochter mit ir ha̅t
Gemachet ſo ſy peſt chunde
Er legt ſich an der ſelbe̅ ſtunde
Ʒu im legt ſy ſich drate
Vber ſich dakcht ſy ir wate
Vnd legt ſich ſchon an irn arm
Da lagen ſy vnmaſſen warm
A der vater erwachte</Unicode>
            </TextEquiv>
        </TextRegion>
        <TextRegion id="r" custom="readingOrder {index:1;}">
            <Coords points="2618,423 4731,423 4731,5229 2618,5229"/>
            <TextLine id="l_11" custom="readingOrder {index:0;}">
                <Coords points="2644,850 2959,850 3024,895 3054,860 3099,900 3164,850 3439,905 3639,905 3689,855 3814,855 3889,905 3984,850 4089,880 4089,635 4054,630 3904,675 3839,635 3584,655 3204,750 3129,715 2979,750 2769,670 2644,705"/>
                <Baseline points="2673,829 2744,829 2815,833 2886,835 2958,835 3029,835 3100,835 3172,835 3243,835 3314,835 3386,835 3457,835 3528,835 3599,837 3671,841 3742,841 3813,841 3885,844 3956,847 4027,849 4099,859"/>
                <TextEquiv>
                    <Unicode>Die tochter in an lachte</Unicode>
                </TextEquiv>
            </TextLine>
            <TextLine id="l_13" custom="readingOrder {index:1;}">
                <Coords points="2679,1020 2894,980 3149,1030 3214,1000 3294,1055 3359,1010 3459,1055 3614,1005 3724,1050 3814,1000 3929,1060 4034,1020 4584,1035 4579,865 4104,895 3984,850 3894,910 3794,910 3689,850 3639,905 3284,850 3174,920 3059,865 2674,870"/>
                <Baseline points="2709,978 2803,972 2897,978 2991,978 3086,978 3180,978 3274,978 3368,978 3463,978 3557,981 3651,987 3745,990 3840,994 3934,996 4028,996 4122,1001 4217,1002 4311,1002 4405,1002 4499,1002 4594,1008"/>
                <TextEquiv>
                    <Unicode>Er want eʒ wer ſein eleich weib</Unicode>
                </TextEquiv>
            </TextLine>
            <TextLine id="l_15" custom="readingOrder {index:2;}">
                <Coords points="2664,1165 3074,1140 3194,1180 3244,1135 3349,1215 3499,1140 3634,1205 3969,1145 4229,1210 4304,1165 4429,1215 4499,1165 4584,1175 4584,1030 4549,1020 4324,1055 4034,1020 3939,1065 3844,1005 3494,1055 3359,1010 3299,1055 3124,980 3039,1025 2879,980 2664,1040"/>
                <Baseline points="2691,1139 2786,1127 2881,1126 2976,1121 3071,1121 3166,1121 3261,1123 3357,1127 3452,1127 3547,1130 3642,1129 3737,1127 3832,1127 3927,1127 4023,1132 4118,1139 4213,1139 4308,1139 4403,1146 4498,1151 4594,1145"/>
                <TextEquiv>
                    <Unicode>Er drucht ſy nahend an den leib</Unicode>
                </TextEquiv>
            </TextLine>
            <TextLine id="l" custom="readingOrder {index:3;}">
                <Coords points="2618,1196 2844,1145 3159,1205 3234,1140 3344,1210 3484,1150 3644,1205 3964,1150 4204,1215 4294,1175 4439,1215 4484,1170 4719,1140 4724,1405 4559,1360 4369,1375 4259,1295 4144,1375 4064,1320 3814,1340 3719,1285 3584,1285 3529,1345 3464,1300 3384,1350 3294,1290 3164,1320 3114,1280 3004,1340 2679,1310 2618,1344"/>
                <Baseline points="2618,1302 2732,1296 2931,1282 3131,1275 3331,1276 3531,1276 3731,1276 3931,1283 4131,1290 4331,1296 4531,1300 4731,1324"/>
                <TextEquiv>
                    <Unicode>Vnd macht ſy ſwanger an der ſtate</Unicode>
                </TextEquiv>
            </TextLine>
            <TextLine id="l_16" custom="readingOrder {index:4;}">
                <Coords points="2649,1440 2884,1435 2984,1510 3249,1425 3399,1430 3514,1495 3674,1420 3739,1465 4009,1450 4009,1335 3814,1340 3764,1295 3579,1290 3524,1345 3474,1300 3384,1350 3224,1280 3004,1340 2649,1305"/>
                <Baseline points="2679,1426 2746,1421 2813,1420 2880,1419 2947,1414 3014,1410 3081,1411 3148,1414 3215,1414 3282,1414 3350,1411 3417,1409 3484,1414 3551,1414 3618,1411 3685,1408 3752,1408 3819,1408 3886,1408 3953,1412 4021,1426"/>
                <TextEquiv>
                    <Unicode>Darnach ſlaich ſy drate</Unicode>
                </TextEquiv>
            </TextLine>
            <TextLine id="l_18" custom="readingOrder {index:5;}">
                <Coords points="2639,1580 2834,1570 2974,1620 3039,1585 3079,1625 3234,1575 3374,1615 3539,1585 3584,1625 3789,1600 3859,1640 4024,1605 4169,1655 4169,1430 3754,1465 3689,1425 3569,1490 3124,1430 3014,1490 2884,1435 2639,1460"/>
                <Baseline points="2667,1569 2742,1564 2818,1563 2894,1566 2970,1567 3045,1563 3121,1563 3197,1563 3273,1563 3348,1563 3424,1563 3500,1563 3576,1562 3651,1557 3727,1557 3803,1557 3879,1560 3954,1563 4030,1566 4106,1576 4182,1581"/>
                <TextEquiv>
                    <Unicode>Do er an der ſtund entfſlief</Unicode>
                </TextEquiv>
            </TextLine>
            <TextLine id="l_20" custom="readingOrder {index:6;}">
                <Coords points="2644,1785 2844,1735 2909,1780 3249,1730 3354,1780 3459,1735 3559,1785 3744,1725 3789,1765 4039,1755 4039,1615 3859,1640 3654,1595 3484,1645 3329,1590 3044,1655 2924,1595 2644,1605"/>
                <Baseline points="2673,1724 2741,1718 2810,1719 2879,1723 2948,1724 3017,1724 3086,1721 3155,1712 3224,1712 3293,1715 3362,1716 3430,1712 3499,1717 3568,1718 3637,1716 3706,1712 3775,1712 3844,1716 3913,1721 3982,1723 4051,1718"/>
                <TextEquiv>
                    <Unicode>Der ſweſter ſi cʒu ir rief</Unicode>
                </TextEquiv>
            </TextLine>
            <TextLine id="l_22" custom="readingOrder {index:7;}">
                <Coords points="2609,1910 2834,1885 2964,1945 3034,1905 3084,1950 3374,1900 3519,1930 3614,1875 3859,1920 3974,1895 3974,1755 3789,1765 3749,1725 3684,1775 3434,1740 3374,1790 3204,1745 3104,1780 3024,1735 2914,1780 2829,1735 2614,1765"/>
                <Baseline points="2637,1897 2704,1885 2771,1879 2839,1878 2906,1873 2974,1873 3041,1870 3109,1867 3176,1867 3244,1858 3311,1858 3378,1862 3446,1867 3513,1867 3581,1861 3648,1855 3716,1855 3783,1855 3851,1858 3918,1862 3986,1867"/>
                <TextEquiv>
                    <Unicode>Vnd ſagt ir die mere</Unicode>
                </TextEquiv>
            </TextLine>
            <TextLine id="l_24" custom="readingOrder {index:8;}">
                <Coords points="2659,2054 2824,2029 3244,2094 3544,2024 3694,2069 3844,2024 3969,2084 4119,2054 4124,1900 4074,1875 3919,1915 3654,1875 3164,1945 2669,1895"/>
                <Baseline points="2691,2040 2762,2031 2834,2025 2906,2020 2978,2016 3050,2016 3122,2011 3194,2007 3266,2004 3338,2004 3410,2004 3481,2004 3553,2001 3625,1998 3697,1997 3769,1993 3841,1988 3913,1983 3985,1983 4057,1987 4129,1987"/>
                <TextEquiv>
                    <Unicode>Wie es ir ergangen were</Unicode>
                </TextEquiv>
            </TextLine>
            <TextLine id="l_26" custom="readingOrder {index:9;}">
                <Coords points="2834,2239 2924,2259 3089,2194 3224,2239 3494,2184 3854,2219 4234,2164 4309,2199 4314,2009 4164,2004 4014,2084 3844,2024 3774,2069 3634,2049 3594,2084 3424,2039 3249,2094 2999,2029 2839,2049"/>
                <Baseline points="2864,2195 2936,2189 3009,2181 3082,2176 3155,2166 3228,2166 3300,2166 3373,2163 3446,2160 3519,2160 3592,2160 3664,2156 3737,2154 3810,2152 3883,2149 3956,2154 4028,2154 4101,2154 4174,2154 4247,2154 4320,2154"/>
                <TextEquiv>
                    <Unicode>DIe iung ſweſter ſprach do</Unicode>
                </TextEquiv>
            </TextLine>
            <TextLine id="l_28" custom="readingOrder {index:10;}">
                <Coords points="2844,2414 3259,2329 3524,2364 3619,2314 3919,2394 4014,2354 4199,2374 4289,2349 4294,2189 4049,2174 3854,2219 3669,2184 3599,2229 3499,2184 3234,2239 3084,2199 2844,2264"/>
                <Baseline points="2870,2339 2941,2334 3013,2329 3084,2325 3156,2320 3228,2315 3299,2315 3371,2311 3442,2309 3514,2308 3586,2303 3657,2303 3729,2299 3800,2297 3872,2297 3944,2297 4015,2297 4087,2301 4158,2303 4230,2304 4302,2309"/>
                <TextEquiv>
                    <Unicode>Seid es ergangen iſt alſo</Unicode>
                </TextEquiv>
            </TextLine>
            <TextLine id="l_2" custom="readingOrder {index:11;}">
                <Coords points="2618,2421 2674,2434 2799,2384 2859,2424 3034,2354 3139,2409 3214,2374 3324,2399 3379,2344 3574,2374 3624,2329 3924,2394 4019,2349 4204,2374 4489,2324 4559,2349 4554,2544 4339,2489 4269,2559 4039,2499 3949,2554 3679,2544 3504,2474 3364,2559 3189,2484 2899,2559 2618,2528"/>
                <Baseline points="2618,2506 2710,2504 2808,2500 2905,2497 3003,2491 3100,2488 3198,2484 3295,2477 3393,2476 3490,2470 3588,2469 3686,2464 3783,2466 3881,2470 3978,2470 4076,2473 4173,2472 4271,2470 4368,2470 4466,2470 4564,2482"/>
                <TextEquiv>
                    <Unicode>So ſol mir ſweſter ſain geſchehen</Unicode>
                </TextEquiv>
            </TextLine>
            <TextLine id="l_31" custom="readingOrder {index:12;}">
                <Coords points="2639,2744 2819,2749 2934,2659 3079,2644 3234,2684 3284,2644 3394,2654 3434,2694 3839,2654 3974,2699 4184,2644 4294,2719 4509,2734 4509,2494 4114,2564 4014,2509 3949,2554 3569,2499 3499,2549 3449,2514 3174,2549 3069,2494 2959,2564 2639,2534"/>
                <Baseline points="2667,2649 2759,2655 2852,2649 2945,2648 3038,2643 3131,2643 3223,2642 3316,2635 3409,2629 3502,2625 3595,2625 3687,2625 3780,2625 3873,2628 3966,2634 4059,2640 4151,2643 4244,2647 4337,2645 4430,2643 4523,2649"/>
                <TextEquiv>
                    <Unicode>Des wil ich von der warhat iehen</Unicode>
                </TextEquiv>
            </TextLine>
            <TextLine id="l_33" custom="readingOrder {index:13;}">
                <Coords points="2864,2839 3034,2824 3184,2879 3314,2804 3469,2864 3619,2809 3744,2869 3894,2814 4089,2874 4249,2829 4379,2919 4489,2864 4484,2689 4149,2749 3784,2654 3449,2694 3294,2649 3239,2689 3084,2644 2859,2679"/>
                <Baseline points="2894,2804 2974,2799 3054,2803 3134,2800 3215,2798 3295,2795 3375,2790 3455,2784 3536,2781 3616,2786 3696,2792 3776,2792 3857,2797 3937,2802 4017,2804 4097,2807 4178,2812 4258,2817 4338,2822 4418,2822 4499,2834"/>
                <TextEquiv>
                    <Unicode>DArnach an der andern nacht</Unicode>
                </TextEquiv>
            </TextLine>
            <TextLine id="l_35" custom="readingOrder {index:14;}">
                <Coords points="2834,3019 2914,2964 3029,2999 3144,2964 3289,3034 3384,2989 3549,3019 3919,2964 4329,3059 4544,2999 4539,2859 4379,2919 4249,2834 4089,2869 3889,2814 3739,2874 3569,2819 3479,2869 3339,2794 3184,2879 2829,2839"/>
                <Baseline points="2858,2959 2943,2948 3028,2952 3113,2953 3198,2948 3283,2947 3368,2943 3453,2941 3538,2941 3623,2941 3708,2944 3793,2950 3878,2953 3963,2955 4048,2961 4133,2966 4218,2972 4303,2977 4388,2977 4473,2978 4558,2989"/>
                <TextEquiv>
                    <Unicode>Die tochter ym ein legel pʼcht</Unicode>
                </TextEquiv>
            </TextLine>
            <TextLine id="l_37" custom="readingOrder {index:15;}">
                <Coords points="2644,3144 3074,3139 3164,3194 3559,3119 4009,3204 4214,3159 4214,3004 4179,2994 3919,3029 3764,2964 3614,3024 3384,2989 3284,3029 3109,2969 2844,3034 2699,2914 2644,2939"/>
                <Baseline points="2673,3108 2750,3108 2828,3108 2905,3108 2983,3108 3060,3108 3138,3108 3215,3108 3293,3108 3370,3108 3448,3108 3526,3108 3603,3108 3681,3110 3758,3114 3836,3114 3913,3119 3991,3124 4068,3130 4146,3132 4224,3138"/>
                <TextEquiv>
                    <Unicode>Mit edelm guten wein vol</Unicode>
                </TextEquiv>
            </TextLine>
            <TextLine id="l_39" custom="readingOrder {index:16;}">
                <Coords points="2614,3339 3049,3304 3344,3349 3594,3299 3709,3344 3804,3299 4074,3354 4224,3299 4499,3309 4499,3134 4164,3154 4029,3214 3879,3169 3769,3204 3649,3119 3544,3114 3399,3204 3319,3169 3124,3209 2809,3139 2704,3169 2614,3119"/>
                <Baseline points="2643,3287 2736,3286 2829,3281 2923,3281 3016,3279 3110,3277 3203,3279 3296,3275 3390,3275 3483,3275 3577,3272 3670,3273 3763,3275 3857,3275 3950,3279 4044,3281 4137,3286 4230,3287 4324,3282 4417,3281 4511,3275"/>
                <TextEquiv>
                    <Unicode>Vncʒ er getrankch vnmaʒʒe̅ wol</Unicode>
                </TextEquiv>
            </TextLine>
            <TextLine id="l_41" custom="readingOrder {index:17;}">
                <Coords points="2634,3504 2944,3509 3004,3464 3159,3494 3414,3439 4444,3529 4444,3349 4274,3304 4084,3364 3804,3299 3674,3344 2984,3304 2634,3359"/>
                <Baseline points="2661,3466 2750,3454 2840,3454 2930,3449 3020,3449 3110,3449 3199,3443 3289,3443 3379,3443 3469,3437 3559,3437 3648,3437 3738,3443 3828,3443 3918,3443 4008,3443 4097,3449 4187,3454 4277,3454 4367,3454 4457,3460"/>
                <TextEquiv>
                    <Unicode>Sy ſprach nu lieber vater mein</Unicode>
                </TextEquiv>
            </TextLine>
            <TextLine id="l_44" custom="readingOrder {index:18;}">
                <Coords points="2634,3649 3154,3614 3259,3689 3604,3609 3704,3649 3884,3619 3984,3689 4079,3664 4079,3494 3849,3454 3764,3514 3564,3489 3369,3544 3254,3454 2634,3529"/>
                <Baseline points="2661,3628 2732,3618 2803,3616 2874,3616 2946,3616 3017,3616 3088,3611 3160,3606 3231,3604 3302,3604 3374,3604 3445,3599 3516,3598 3587,3598 3659,3598 3730,3598 3801,3603 3873,3604 3944,3606 4015,3610 4087,3610"/>
                <TextEquiv>
                    <Unicode>Wiltu edeln guten wein</Unicode>
                </TextEquiv>
            </TextLine>
            <TextLine id="l_46" custom="readingOrder {index:19;}">
                <Coords points="2609,3819 2694,3804 2789,3874 2934,3789 3124,3839 3234,3814 3284,3859 3579,3854 3679,3809 3739,3854 4044,3869 4199,3824 4384,3874 4384,3679 4214,3709 4139,3649 3889,3694 3599,3604 3264,3684 3054,3619 2609,3669"/>
                <Baseline points="2637,3777 2725,3777 2813,3783 2901,3777 2989,3771 3077,3776 3165,3772 3253,3771 3341,3776 3429,3777 3517,3777 3605,3772 3693,3771 3781,3771 3869,3766 3957,3769 4045,3771 4133,3775 4221,3777 4309,3777 4397,3783"/>
                <TextEquiv>
                    <Unicode>Da ſoltu dich mit laʒʒen ſchawn</Unicode>
                </TextEquiv>
            </TextLine>
            <TextLine id="l_4" custom="readingOrder {index:20;}">
                <Coords points="2618,3828 2684,3809 2804,3874 2969,3789 3119,3834 3234,3814 3284,3859 3399,3819 3529,3859 3679,3809 3734,3859 3914,3844 3914,3989 3744,4014 3549,3944 3394,3989 3314,3929 3009,3994 2954,3959 2814,4009 2618,3993"/>
                <Baseline points="2618,3956 2676,3956 2745,3951 2815,3954 2884,3954 2954,3949 3023,3945 3092,3940 3162,3935 3231,3932 3301,3932 3370,3932 3440,3932 3509,3930 3578,3926 3648,3926 3717,3926 3787,3926 3856,3926 3926,3926"/>
                <TextEquiv>
                    <Unicode>Du treſt der ern chron</Unicode>
                </TextEquiv>
            </TextLine>
            <TextLine id="l_49" custom="readingOrder {index:21;}">
                <Coords points="2589,4164 2664,4144 2799,4214 3129,4119 3384,4184 3724,4099 3799,4169 3874,4169 4019,4089 4234,4179 4334,4139 4334,4009 4094,3909 3969,3924 3839,4009 3689,3969 3509,4014 3359,3954 3109,3944 3009,3994 2939,3964 2814,4009 2709,3974 2589,3999"/>
                <Baseline points="2619,4123 2705,4119 2791,4113 2877,4107 2964,4101 3050,4099 3136,4099 3222,4099 3309,4096 3395,4093 3481,4091 3567,4087 3654,4087 3740,4089 3826,4092 3912,4087 3999,4087 4085,4088 4171,4093 4257,4093 4344,4099"/>
                <TextEquiv>
                    <Unicode>Do ſolt er ſich mit wein laben</Unicode>
                </TextEquiv>
            </TextLine>
            <TextLine id="l_51" custom="readingOrder {index:22;}">
                <Coords points="2609,4314 2874,4354 3004,4289 3129,4344 3364,4284 3594,4334 3959,4269 4164,4344 4264,4284 4429,4324 4584,4299 4584,4054 4509,4024 4224,4194 4029,4099 3944,4159 3759,4179 3604,4119 3459,4184 3214,4164 3169,4119 2804,4209 2609,4159"/>
                <Baseline points="2637,4284 2734,4277 2832,4272 2930,4270 3028,4266 3126,4266 3224,4266 3321,4266 3419,4262 3517,4255 3615,4254 3713,4254 3811,4255 3909,4259 4006,4256 4104,4260 4202,4263 4300,4269 4398,4272 4496,4277 4594,4284"/>
                <TextEquiv>
                    <Unicode>Der cʒunge̅ mocht er nicht gehabe̅</Unicode>
                </TextEquiv>
            </TextLine>
            <TextLine id="l_53" custom="readingOrder {index:23;}">
                <Coords points="2584,4454 2719,4444 2819,4499 2879,4449 3089,4439 3219,4504 3439,4424 3649,4494 3844,4444 3929,4484 4079,4459 4084,4279 3959,4264 3604,4334 3414,4284 3144,4349 3019,4289 2854,4349 2589,4309"/>
                <Baseline points="2619,4433 2692,4431 2766,4428 2840,4433 2913,4428 2987,4427 3061,4427 3134,4427 3208,4428 3282,4433 3356,4428 3429,4423 3503,4421 3577,4420 3650,4415 3724,4415 3798,4415 3871,4415 3945,4417 4019,4421 4093,4421"/>
                <TextEquiv>
                    <Unicode>Ʒu pett weyſet man in do</Unicode>
                </TextEquiv>
            </TextLine>
            <TextLine id="l_55" custom="readingOrder {index:24;}">
                <Coords points="2599,4619 2969,4609 3049,4644 3104,4609 3179,4669 3304,4594 3464,4639 3674,4614 3744,4654 3884,4609 4209,4634 4294,4619 4299,4514 3854,4449 3659,4494 3444,4424 3309,4489 2994,4464 2924,4529 2604,4459"/>
                <Baseline points="2625,4600 2708,4594 2792,4594 2876,4594 2960,4594 3044,4594 3128,4589 3211,4593 3295,4589 3379,4580 3463,4576 3547,4576 3631,4576 3715,4576 3798,4576 3882,4574 3966,4571 4050,4576 4134,4577 4218,4583 4302,4594"/>
                <TextEquiv>
                    <Unicode>Do was die iung tochter vro</Unicode>
                </TextEquiv>
            </TextLine>
            <TextLine id="l_56" custom="readingOrder {index:25;}">
                <Coords points="2604,4774 2869,4799 2924,4759 3039,4819 3259,4754 3414,4809 3844,4759 4084,4814 4194,4754 4299,4814 4434,4784 4439,4589 4379,4579 3754,4654 3364,4594 3284,4654 3179,4669 3114,4624 2999,4684 2609,4619"/>
                <Baseline points="2631,4749 2721,4749 2812,4754 2903,4755 2993,4755 3084,4750 3175,4749 3265,4749 3356,4749 3447,4744 3538,4743 3628,4743 3719,4743 3810,4738 3900,4737 3991,4737 4082,4737 4172,4737 4263,4731 4354,4737 4445,4737"/>
                <TextEquiv>
                    <Unicode>Die macht er ſwanger do cʒeha̅t</Unicode>
                </TextEquiv>
            </TextLine>
            <TextLine id="l_6" custom="readingOrder {index:26;}">
                <Coords points="2618,4785 2779,4814 2924,4764 3039,4819 3309,4754 3579,4819 3859,4759 3939,4824 3999,4779 4164,4844 4304,4799 4304,4914 4214,4954 4094,4924 3989,4979 3889,4929 3729,4969 3624,4919 3569,4959 3144,4909 2924,4974 2618,4934"/>
                <Baseline points="2618,4910 2698,4904 2783,4904 2868,4909 2953,4910 3038,4910 3123,4910 3208,4906 3293,4904 3378,4901 3463,4901 3548,4902 3633,4899 3718,4901 3803,4904 3888,4904 3973,4904 4058,4904 4143,4904 4228,4904 4314,4904"/>
                <TextEquiv>
                    <Unicode>Die chindʼ wurden do bechant</Unicode>
                </TextEquiv>
            </TextLine>
            <TextLine id="l_59" custom="readingOrder {index:27;}">
                <Coords points="2589,5059 2804,5134 2949,5054 3004,5099 3069,5059 3324,5079 3419,5129 3589,5059 3719,5104 3944,5064 4129,5099 4179,5059 4319,5124 4359,5084 4414,5104 4409,4894 4264,4909 4214,4959 4089,4929 3989,4984 3884,4929 3774,4979 3689,4944 3549,4979 3459,4924 3239,4964 3014,4939 2934,4979 2584,4924"/>
                <Baseline points="2619,5036 2709,5042 2799,5048 2890,5048 2980,5048 3071,5048 3161,5054 3251,5054 3342,5054 3432,5060 3523,5054 3613,5054 3703,5054 3794,5054 3884,5054 3975,5054 4065,5053 4155,5049 4246,5054 4336,5055 4427,5060"/>
                <TextEquiv>
                    <Unicode>Do ſy gewuchſen noch ir recht</Unicode>
                </TextEquiv>
            </TextLine>
            <TextLine id="l_8" custom="readingOrder {index:28;}">
                <Coords points="2618,5069 2684,5069 2799,5134 2934,5054 3204,5109 3314,5079 3419,5129 3594,5064 3779,5059 3854,5104 3939,5059 4109,5104 4189,5069 4314,5124 4474,5064 4504,5214 4434,5249 4369,5209 4279,5269 3814,5194 3424,5304 3109,5294 2959,5199 2884,5249 2769,5194 2618,5216"/>
                <Baseline points="2618,5194 2685,5188 2781,5185 2878,5185 2974,5185 3071,5185 3167,5185 3263,5185 3360,5191 3456,5184 3553,5179 3649,5179 3745,5179 3842,5182 3938,5185 4035,5185 4131,5189 4227,5191 4324,5191 4420,5191 4517,5191"/>
                <TextEquiv>
                    <Unicode>Vil manigen ritter vnd chnecht</Unicode>
                </TextEquiv>
            </TextLine>
            <TextEquiv>
                <Unicode>Die tochter in an lachte
Er want eʒ wer ſein eleich weib
Er drucht ſy nahend an den leib
Vnd macht ſy ſwanger an der ſtate
Darnach ſlaich ſy drate
Do er an der ſtund entfſlief
Der ſweſter ſi cʒu ir rief
Vnd ſagt ir die mere
Wie es ir ergangen were
DIe iung ſweſter ſprach do
Seid es ergangen iſt alſo
So ſol mir ſweſter ſain geſchehen
Des wil ich von der warhat iehen
DArnach an der andern nacht
Die tochter ym ein legel pʼcht
Mit edelm guten wein vol
Vncʒ er getrankch vnmaʒʒe̅ wol
Sy ſprach nu lieber vater mein
Wiltu edeln guten wein
Da ſoltu dich mit laʒʒen ſchawn
Du treſt der ern chron
Do ſolt er ſich mit wein laben
Der cʒunge̅ mocht er nicht gehabe̅
Ʒu pett weyſet man in do
Do was die iung tochter vro
Die macht er ſwanger do cʒeha̅t
Die chindʼ wurden do bechant
Do ſy gewuchſen noch ir recht
Vil manigen ritter vnd chnecht</Unicode>
            </TextEquiv>
        </TextRegion>
    </Page>
</PcGts>
