5141 5972
695 554 2553 852 Sein gewalt was groʒ vnd ſtark
726 741 2471 953 Er het manig tawſent mark
721 881 2205 1140 Von ſilber vnd von golde
726 1033 2132 1278 Dauon er pawen wolde
726 1176 2650 1418 Einen turn der an de̅ himel rurt
721 1379 2432 1590 Da mit er ſeinen hort erfürt
738 1527 2522 1742 Er ſprach cʒwar ich wil beſehen
724 1682 2461 1905 Des mus ich von ſchulde̅ iehen
697 1842 2449 2074 Wer oben auf dem hymel ſey
738 2009 2420 2224 So wird ich y̅mer ſorgen vrey
726 2147 2301 2410 Wann ich han des guten ſin
733 2330 2364 2568 Daʒ ich an ſteygen gen dar in
762 2493 2178 2744 So ich dann die warhait
762 2638 2301 2877 Swem es ſey lieb oder laid
767 2819 2510 3081 Durch den wil ich ſein nicht lan
689 2972 2398 3221 Ich well ſanft cʒehimel gan
736 3141 2442 3408 DAmit ſant babel cʒeha̅t̅
953 3313 2476 3543 da ma̅ mawr maiſt’ vant
760 3441 2597 3734 Cʒwen vnd ſybencʒig was ir cʒal
742 3603 2401 3908 Ir chunſt ſy chunden v̈beral
770 3812 2447 4032 Was man in von ſtainen nant
748 3949 2471 4218 Das was in alles wol pechant
755 4141 2253 4368 Babel pegund ſy fragen
731 4296 2367 4533 Wolt ew'ch nicht petragen
760 4482 2374 4719 Ich tet ewch gern pechant
738 4666 2543 4908 Warumb ich han nach ew geſa̅t
779 4842 2529 5097 Ich wolt ſorgen für trawren
2727 547 4276 791 Eine̅ hohen turn mawren
2720 692 4443 946 Das mir würd von dem pecha̅t
2710 866 4153 1084 Cʒe babilonia in dem lant
2732 1014 4356 1261 Daʒ ir den turn ſo hoch fürte
2698 1205 4237 1418 Daʒ er an den himel rürte
2689 1309 4489 1573 Der red erlachten die mawrer
2727 1500 4538 1769 Sy ſprachen die red iſt vns ſwer
2647 1653 4281 1912 Ydoch tuet ir vns des ſtate
2677 1803 4424 2050 Wir mawrn den turn drate
2701 1955 4455 2253 Vnſer chunſt wir darcʒu chern
2672 2156 4395 2435 Das wir an dem maiſter lern
2698 2294 4482 2565 Die mawren nicht wol chünnen
2691 2493 4245 2735 Des ſolt ir vns wol gunnen
4383 2512 4702 2696 han
2698 2645 4642 2916 Wann yegleich maiſter mus vnd’ im
2698 2836 4378 3052 Hundert Mawrer ſunder wan
2674 2996 4407 3197 Die alle maiſter ſind genant
2677 3144 4414 3364 Daʒ tuen ich für war bechant
2686 3301 4131 3533 Do ſprach der herr babel
2679 3446 4320 3676 Greiffet cʒu dem turn ſnell
2628 3596 4426 3826 Ich gib ewch alles daʒ ir welt
2674 3758 4470 3995 Silber golt ewch nieman cʒelt
2667 3932 4567 4150 Do uon lat ewch nicht verdrieʒʒe̅
2674 4102 4404 4332 Chain chiſte̅ laʒ ich verſlieʒʒen
2662 4262 4460 4496 Dor aws ſo neme̅t was ir welt
2681 4409 4470 4661 Seid ewch daʒ dut niema̅ cʒelt
2662 4593 3674 4765 Do die mawrere
2686 4753 3949 4946 Gehorten diſe mere
2660 4871 4395 5150 Sy griffen cʒu de̅ turn drate
