5041 5991
642 573 2416 912 Wie iemerleich ſein gepen was
676 799 2255 1064 Wunder was daʒ er genas
720 985 2343 1206 Er het cʒwayerlay chlagen
696 1142 2451 1367 Pey ſeinen iemerleichen tagen
691 1294 2607 1539 Er gedacht tot ich daʒ thund mei̅
671 1446 2617 1750 So mus ich ymmer trawrig ſein
706 1588 2475 1848 Wann mei̅ hercʒ enpriſtet mir
2173 1740 2664 2014 encʒwey
691 1725 2173 1976 Es iſt mir chra̅k als ein ay
676 1892 2402 2171 die ander chlag iſt groſſe not
657 2024 2358 2338 daʒ leib vnd ſel mus ligen tot
686 2201 2255 2519 Jſt daʒ ich vil vnſelig man
662 2402 2014 2647 Gotes gepot vber gan
667 2539 2264 2808 Doch han ye gehoret ſagen
671 2725 2353 2995 Jemerleich pey meine̅ tagen
637 2882 2215 3166 Das man von cʒway poſen
637 3019 1926 3294 Das weger ſol eyloeſen
632 3181 2338 3441 Mir iſt peſſer des chindes tot
642 3357 1995 3607 Ee ich angſt vnd not
613 3534 2161 3789 An ſel an leib mus han
593 3696 2460 3965 Sein leben iſt doch ſchier cʒerga̅
613 3862 2353 4132 Sein ſwert was darnach plos
618 4004 2372 4274 Die ſchaid er werr vo̅ im ſchos
598 4166 2019 4396 Do er cʒu de̅ chind trat
593 4313 2088 4583 Als in die gros lieb pat
598 4475 2343 4725 Die er het gegen der gothait
578 4641 2573 4940 Sein hercʒ het paidenthalbe laid
598 4808 2323 5038 Doch wolt er es ertotet han
598 4950 2289 5269 Daʒ chind ruft den vater an
2664 608 4475 936 Vil iemerleich es ʒu im ſprach
2666 838 4093 1083 Do es daʒ ſwert plos ſach
2666 970 4044 1211 Main lieber vater mein
2664 1132 4176 1402 Gedenkch an die trew dein
2664 1289 4436 1534 Wa getötet ye vater ſein chind
2681 1431 4441 1720 Deines cʒorns gen mir erivind
2671 1608 4210 1853 Do in do pat daʒ chindlein
2664 1696 4637 2044 Daʒ ym nicht lieber mocht geſein
2664 1916 4485 2176 Sein hercʒ es do nicht töten lie
2664 2083 4308 2304 Mit arme̅ er es vmbe vie
2664 2225 4583 2470 Vnd chuſt es gutleich an de̅ mu̅d
2664 2362 4494 2686 Awe daʒ du imir ye wurd chund
2664 2529 3950 2769 Vil liebes chind yſaac
2664 2661 4392 2906 Jch dir nicht tuen ainen ſlak
2664 2843 4450 3058 Mit cʒehern er daʒ chind pegos
2664 2985 4641 3259 Das ſwert ym aws der ſchaid ſchos
2664 3152 4490 3411 Er ſprach got nu nym mich hin
2664 3303 4401 3544 Die lieb vercheret mir den ſin
2664 3460 4259 3705 Do er ein weil pey im geſas
2664 3637 4333 3862 Seines laides er me vergas
2664 3779 4073 3999 So ſprach er gotes hulde
2664 3936 3955 4156 Jſt mir ein vbergulde
2664 4088 3975 4313 Vor allen guten dingen
2664 4254 4058 4485 Dauon ſo wil ich ringen
2664 4392 4455 4646 Nach ſeinen hulde̅ wie ich mag
2664 4578 4485 4798 Swie lieb mir ſey mei̅ ſun yſaac
2664 4720 4235 4931 Mit der red er auf ſpranch
2664 4852 4568 5063 Vnd gieng einen trawrige̅ ganch
2664 5004 4592 5279 Gegen got chayet er dreyſtu̅d̅ indʼ
