5105 5984
630 680 2290 910 Schalkait vnd poſhait pey
611 875 2307 1095 Von himel ʒu dem abgründe
655 1019 2299 1241 Noch verfluchet er die ſunde
643 1192 1943 1422 Dy da haiſſet ſodoma
685 1345 2611 1558 Pey der peleibet er nicht leng’ da
673 1506 2060 1726 Wann pis er die fünde
660 1664 2092 1879 So vnrain iſt die ſunde
685 1810 2324 2035 Die ſund was in pey ane cʒal
677 1971 2210 2215 Jn den fümffteten vberal
690 2134 2364 2374 Dauon ſy got verfluchen lies
685 2287 2196 2519 Jr ſele er in die helle ſtieʒʒ
673 2472 2334 2683 Jn den ſteten was nyeman
673 2608 2381 2846 Der got wet dienſtes vndʼtan
677 2747 2351 3016 Wann ein gut ma̅ hyes lot
668 2927 2505 3165 Der dient vil gern de̅ liebe̅ got
702 3088 2346 3321 In dem er cʒwey engel ſant
690 3254 2332 3476 Vnd hies ym thun bechant
700 3419 2344 3652 Die engel warn ſicherleich
710 3570 2468 3810 Chlar vnd darcʒu frewde̅ reich
732 3756 2391 3993 Wann ſy warn in de̅ gepern
710 3914 2579 4169 Sam ſy cʒwen jungling wern
687 4097 2445 4344 Da ſy cʒu lot chome̅ gegange̅
729 4248 2453 4488 Vnd in ſein haws für in ſtan
697 4381 2549 4646 Sy ſprachen paid got grüs dich
2381 4597 2537 4647 lot
732 4549 2316 4829 Wir ſei̅ vo̅ got ʒu dir ein pot
742 4732 2374 4960 Er enpewt dir ſicherleich
739 4896 2114 5096 Der lieb got vil reich
742 5014 2421 5257 Du ſolt dich nicht ſawme̅
2616 621 4075 895 Die ſtat ſoltu rawmen
2623 791 4186 1043 Du vnd dein hawſfraw gut
2641 952 4361 1207 Dein tochter hab in deiner hut
2628 1108 4305 1355 Du ſolt ſy haiſſen mit dir gan
2673 1293 4379 1506 Nicht lenger ſoltu hie peſtan
2673 1446 4287 1642 Die ſtet ſchüllen verſinchen
2628 1595 4329 1827 Vnd in dem wag ertrinchen
2626 1731 4077 1948 Durch ir groſſe poſhait
2643 1867 4201 2112 Die iſt got vo̅ ſchulden lait
2641 2032 4344 2277 Jch ſag daʒ nieman in der ſtat
2648 2213 3805 2411 iſt an poſe miſtat
2631 2272 4406 2579 Wann du vnd die hawſfraw dein
2668 2502 3978 2725 Vnd dein rain chindlein
2636 2658 3946 2880 Douon eile von hinnen
2655 2824 3929 3014 Welleſt du entrinnen
2655 2962 4245 3182 Den grimigen gotes cʒorn
2673 3125 4315 3340 Peleibſtu hie du piſt verlorn
2643 3276 4065 3476 Do die red alſo geſchach
2638 3419 4379 3640 Die engel warn geſliche̅ nach
2668 3578 3862 3783 Die vnrainen lewte
2638 3729 4272 3944 Vnd wolten han cʒe prewte
2670 3892 4003 4092 Die engel mit ir hür
2613 4020 4045 4272 So vnrain was ir für
2663 4183 4433 4463 Für locʒ haws chome̅ ſy gegange̅
2665 4327 4463 4562 Vnd pegunde̅ für die tür ſtan
2653 4490 4646 4732 Vnd voderten die junglinch paide
2668 4658 4263 4891 Loten geſchach me ſo laide
2618 4839 3758 5004 Got der vil gute
2668 4997 4122 5242 Aws trawrigem mute
