5105 5972
702 690 2538 912 Daʒ pey den cʒeiten enhalb mer
677 853 2270 1068 Warn chlain lewt noch her
697 1001 2375 1228 Wann nur holcʒ vnd erdreich
674 1150 2391 1347 Swas v̈beral die welt geleich
704 1317 2289 1571 Die hin diſhalb mers warn
697 1479 1852 1701 Pey den ſelben iarn
716 1623 2090 1827 Enhalb mer was ir vil
722 1751 2373 2012 Die ich nicht alle nennen wil
722 1939 1898 2131 New waʒ ein ſtifter
697 2083 2215 2291 Da mit het er groſſ ſwer
722 2259 2094 2449 Manigen tag vnd jar
738 2394 2503 2622 So ſagt vns daʒ püch Für war
743 2556 2156 2796 Er ſtiftet do manich lant
727 2718 2263 2952 Als ich ſy geſchriben vant
727 2908 2307 3118 Die wurden pey in gemert
722 3054 2071 3281 Als er die ſtiſter lert
752 3203 2460 3425 Cʒway lant wurde̅ do bechant
727 3369 2486 3589 Vnd wurden do pey im gena̅t
738 3512 2115 3756 Daʒ ain hies ſydarnum
722 3669 2012 3893 Daʒ ander Egyporum
722 3834 2254 4063 Da warn haiden geſeʒʒen
734 4001 2334 4289 Die dauchten ſich vermeſſen
704 4184 2007 4412 An ern vnd an gute
757 4346 2385 4531 Sy warn in vreyem mute
745 4470 2069 4696 In dem ſelben lande
734 4657 2080 4874 Lebten ſy ane ſchande
745 4797 2209 5037 Darnach ward cʒehand
745 4954 2282 5220 Ein ander herr pechant
2638 668 4216 914 Der was gehaiſſen canaus
2645 839 4442 1093 Die phaffen ſchreibe̅t in alſus
2638 1013 4374 1237 Ym ran ein ſchön waſſer pey
2647 3091 4426 3288 Daʒ was dannoch name̅s frey
2677 3237 4518 3445 Dem ward ſein nam vo̅ ym pecha̅t
2711 3395 4211 3589 Cana ſo ward es genant
2693 3539 4225 3752 Nach dem hern als es hies
2679 3697 4346 3912 Den namen er de̅ waſſer lieʒ
2656 3859 4097 4106 DArnach in dem reich
2841 4008 4351 4232 In der haidenſchaft geleich
2705 4184 4081 4399 Ein lant hies ſatimoꝝ
2686 4335 3763 4572 Daʒ ander aſinoꝝ
2705 4486 3996 4662 Do ward er herr inne
2693 4650 4481 4870 Er behielt das lant mit ſinne
2693 4822 4207 5039 Seruch ſo was er genant
2702 4977 4465 5185 Den haiden ſo was er erchant
