5238 5972
715 522 2482 755 Der ſüllen weſen cʒway pey dir
750 652 2489 901 Du ſolt auch in der arch machē
722 828 2522 1077 Selb mit wunderleichen ſachen
703 993 2197 1202 Payde vogelein vnd tyer
720 1143 2277 1355 Daʒ ſi perait werd ſchyer
701 1296 2336 1482 Do noe erhort der welt not
706 1449 1943 1689 Daz ſy ſolt ligen tot
746 1588 1898 1835 Gemainchleich alle
647 1753 2138 1946 Daʒ dancht in ein galle
755 1922 2418 2150 Er ſprach vil lieb' engel her
657 2073 2402 2298 Ja vörcht ich gotes cʒorn ſer
722 2230 2491 2430 Deʒ chlag ich dir vil groſſe not
722 2381 2517 2625 Ja fürcht ich lig mit ſa̅p̅t̅ in tot
727 2545 2562 2771 Wann pegreiſet mich gots cʒorn
636 2712 2480 2917 Ich pin mit in gar verlorn
497 2839 2454 3127 DEs anwurt der engel her
949 2995 2721 3230 du ſolt dir furichte̅ nicht ſoſer
680 3155 2461 3355 Wann got dir wol gutes gan
692 3291 2477 3517 Dauon wil er dich leben lan
715 3461 2461 3686 Do ſprach er lieber engel her
696 3606 1847 3813 Gib mir etleich ler
708 3748 2600 4020 Wew alle die frewnd v̅n̅ mag meī
703 3919 2256 4122 In der arch mügen geſein
715 4060 2244 4310 Da ich mich inn nern ſol
696 4225 2545 4442 So wirt mein hercʒ frewde̅ vol
708 4373 2590 4613 Des antwurt do der engel her
758 4540 2343 4754 Syben lewt vnd nicht mer
750 4677 2338 4891 Sullen in der arch geneſen
739 4827 2529 5058 Selber ſaltu der achtund weſen
746 4997 2211 5194 Vier weib vnd vier man
767 5126 2590 5378 Nicht mer ſüllen in die arch gan
2665 482 3905 708 Daʒ iſt die gotes lere
2672 649 3945 847 Dauon la nicht mere
2677 779 4187 1005 In der arch mit dir weſen
2691 915 4234 1113 Ob du ſelb welleſt geneſen
2656 1066 4051 1287 Ich wil dir ſagen mer
2644 1223 3865 1383 Got geit dir die er
2649 1348 4234 1564 Vnd auch darcʒu die vriſt
2675 1499 4324 1708 Die weil die arch nicht eniſt
2656 1651 4366 1863 Peraitet von den henden dein
2649 1786 4190 1993 So ſolt du des gewis ſein
2668 1934 4402 2183 Daʒ die welt nicht ſol cʒergan
2679 2098 4234 2324 Si ſol von got den frid han
2672 2256 4390 2487 Werleich gar v̈ncʒ an die vriſt
2708 2421 4098 2644 Daʒ die arch peraitet iſt
2710 2578 4406 2802 Ich ſag dir auch an diſer ſtund
2668 2710 4467 2941 Die red ſol von dir nyemāt kund
2691 2882 4185 3108 Werden daʒ iſt recht getan
2704 3030 4307 3263 Du ſolt ſy nieman wiʒʒen lan
2618 3164 4270 3430 Do gie noe vnd trachte
2961 3319 4284 3526 wie er ein arich machte
2698 3470 4091 3644 Die gut vnd nucʒ were
2663 3592 3938 3851 Vnd auch vil erbere
2722 3755 4510 3980 Daran er waricht manige̅ tag.
2672 3908 4547 4159 Als ich für war ſprechen mag
2764 4056 4425 4298 Wann er ſy vil ſchon perait
2717 4225 4479 4456 In viercʒig jarn als man ſait
2590 4380 4507 4715 Do ſy do ſchon peraitet ward
2932 4533 4484 4750 Nach des engels cʒu vart
2675 4686 4444 4886 Do was ſy weis vnd plankch
2710 4823 4496 5065 Drewhundert dawmeln lankch
2687 4980 4446 5187 Vnd hundert dawmeln weit
2708 5124 3919 5354 An der ſelben cʒeit
