5141 6005
758 554 1869 808 Des trit ſun nam
740 758 1965 948 Was genant cham
749 885 2414 1143 Vnd was der tumſt vnder in
744 1053 2287 1289 Des het er nicht rechten ſin
717 1216 2559 1447 Der ſelb ſeinen vater ligen ſach
726 1357 2459 1597 Wider ſein pruder er do ſprach
721 1484 2387 1742 Do er ſein yater ſach pleken
721 1652 2446 1901 Vnd an der ſunnen ſich reken
731 1801 2577 2024 Do ſprach er lieber pruder mein
699 1942 2505 2214 Schaw wie wir geſchant ſein
696 2096 2664 2355 UOn vnſerm vater der da leit
989 2238 2770 2550 Dem ſein gewa̅t iſt geualle̅ weit
726 2310 2278 2641 Das ſein ſchain alle plekt
721 2550 2428 2822 Wann nyemant in hie dekcht
699 2741 2737 3022 Des antwurt ym der getrew knecht
725 2872 2332 3106 Du tust ym michel vnrecht
2727 581 4528 867 Daʒ du ſein ſpoteſt an diſer ſtu̅t
2713 799 4624 994 Verflucht mus dir ſein dei̅ munt
2732 921 4578 1202 Wann du dikch haſt vernomen
2713 1094 4497 1329 Daʒ wir ſein vo̅ ym pechömen
2718 1239 4456 1511 Do gedencheſt du vil lucʒel an
2718 1402 4179 1647 Du piſt ein aiſleich man
2691 1579 4506 1806 Seiner trewen ſol er genieʒſen
2713 1711 4469 1965 Ich laʒ mich nicht verdrieʒſen
2732 1865 4597 2105 Ich dek den lieben vater mein
2732 2033 4714 2282 Oder got mus mir nicht helfn̅d ſei̅
2709 2164 4438 2414 Ich gedenk an die wirdichait
2800 2337 4488 2550 Die meinem vater was perait
2695 2482 4224 2700 Ward mit groſſen nöten
2718 2632 4333 2845 Do got die werlt lieʒ töten
2737 2768 4356 3004 Mit dem waſſer an der ſtat
2695 2936 4374 3144 Mein vater vns pehüt hat
