<?xml version="1.0" encoding="UTF-8" standalone="yes"?>
<PcGts xmlns="http://schema.primaresearch.org/PAGE/gts/pagecontent/2013-07-15" xmlns:xsi="http://www.w3.org/2001/XMLSchema-instance" xsi:schemaLocation="http://schema.primaresearch.org/PAGE/gts/pagecontent/2013-07-15 http://schema.primaresearch.org/PAGE/gts/pagecontent/2013-07-15/pagecontent.xsd">
    <Metadata>
        <Creator>prov=READ-COOP:name=PyLaia@TranskribusPlatform:version=2.20.0:model_id=52284:lm=none:date=03_12_2024_18:35</Creator>
        <Created>2024-11-08T13:43:37.869+01:00</Created>
        <LastChange>2024-12-18T16:41:20.742+01:00</LastChange>
        <TranskribusMetadata docId="5064035" pageId="82739441" pageNr="55" tsid="213509916" status="DONE" userId="289152" imgUrl="https://files.transkribus.eu/Get?id=RPWQRVFDYKDBDYZLOMTQMKMV&amp;fileType=view" xmlUrl="https://files.transkribus.eu/Get?id=PIXCSZLSMJAOGZLLXBAKFMHO" imageId="68084606"/>
    </Metadata>
    <Page imageFilename="enikel weltchronik-0055.jpeg" imageWidth="5200" imageHeight="6005">
        <ReadingOrder>
            <OrderedGroup id="ro_1734603114902" caption="Regions reading order">
                <RegionRefIndexed index="0" regionRef="tr_1"/>
                <RegionRefIndexed index="1" regionRef="tr_2"/>
            </OrderedGroup>
        </ReadingOrder>
        <TextRegion orientation="0.0" id="tr_1" custom="readingOrder {index:0;}">
            <Coords points="805,2074 805,3427 2530,3427 2530,2074"/>
            <TextLine id="tr_1_tl_2" custom="readingOrder {index:0;}">
                <Coords points="829,2618 1083,2567 1418,2645 1872,2589 1960,2634 2306,2614 2304,2524 2007,2522 1776,2459 1488,2510 1142,2436 969,2486 827,2450"/>
                <Baseline points="841,2566 914,2566 987,2566 1061,2566 1134,2568 1208,2572 1281,2572 1355,2576 1428,2578 1502,2578 1575,2578 1648,2578 1722,2583 1795,2580 1869,2581 1942,2582 2016,2579 2089,2584 2163,2589 2236,2593 2310,2596"/>
                <TextEquiv>
                    <Unicode>Vnd lobten got den gute</Unicode>
                </TextEquiv>
            </TextLine>
            <TextLine id="tr_1_tl_3" custom="readingOrder {index:1;}">
                <Coords points="832,2749 2274,2787 2351,2776 2349,2627 2000,2654 1749,2600 1688,2643 1468,2654 1270,2609 1175,2650 829,2639"/>
                <Baseline points="841,2721 916,2716 992,2715 1068,2715 1144,2717 1220,2721 1295,2721 1371,2727 1447,2727 1523,2727 1599,2727 1674,2729 1750,2734 1826,2739 1902,2739 1978,2739 2053,2739 2129,2739 2205,2740 2281,2745 2357,2745"/>
                <TextEquiv>
                    <Unicode>Cayn adames erſtes chind</Unicode>
                </TextEquiv>
            </TextLine>
            <TextLine id="tr_1_tl_4" custom="readingOrder {index:2;}">
                <Coords points="800,2904 1351,2888 1452,2944 1776,2949 1996,2902 2108,2955 2230,2928 2400,2969 2396,2769 2041,2782 1924,2827 1643,2760 1558,2789 1290,2744 1034,2805 796,2767"/>
                <Baseline points="811,2877 890,2877 970,2872 1050,2871 1129,2871 1209,2871 1289,2871 1368,2872 1448,2877 1528,2877 1608,2882 1687,2888 1767,2889 1847,2889 1926,2892 2006,2895 2086,2895 2165,2896 2245,2901 2325,2901 2405,2901"/>
                <TextEquiv>
                    <Unicode>Der vant liſt die frömd ſind</Unicode>
                </TextEquiv>
            </TextLine>
            <TextLine id="tr_1_tl_5" custom="readingOrder {index:3;} abbrev {offset:18; length:6;expansion:ersten;}">
                <Coords points="816,3079 978,3025 1119,3081 1200,3045 1420,3081 1513,3041 1699,3077 2054,3052 2364,3138 2526,3122 2522,2924 2342,2978 1861,2917 1654,2969 1387,2937 1209,2991 1155,2949 1072,2971 811,2913"/>
                <Baseline points="829,3032 914,3026 999,3026 1084,3026 1169,3026 1254,3026 1339,3026 1424,3026 1509,3030 1594,3035 1679,3041 1764,3044 1849,3044 1934,3046 2019,3050 2104,3051 2189,3057 2274,3062 2359,3063 2444,3068 2530,3074"/>
                <TextEquiv>
                    <Unicode>Wann er pawet die erſte̅ ſtat</Unicode>
                </TextEquiv>
            </TextLine>
            <TextLine id="tr_1_tl_6" custom="readingOrder {index:4;}">
                <Coords points="798,3239 1773,3216 1904,3281 1994,3218 2241,3243 2209,3102 2133,3140 1679,3066 1299,3126 1074,3120 890,3052 796,3079"/>
                <Baseline points="811,3187 882,3187 954,3187 1025,3187 1097,3187 1169,3187 1240,3192 1312,3193 1384,3193 1455,3194 1527,3199 1599,3204 1670,3205 1742,3207 1814,3211 1885,3211 1957,3211 2029,3211 2100,3213 2172,3217 2244,3217"/>
                <TextEquiv>
                    <Unicode>Vil gar an alle miſſetat</Unicode>
                </TextEquiv>
            </TextLine>
            <TextLine id="tr_1_tl_7" custom="readingOrder {index:5;}">
                <Coords points="793,3414 1063,3513 1400,3526 1598,3400 2077,3434 2245,3403 2315,3450 2490,3407 2488,3272 2432,3252 2331,3290 2162,3243 1733,3279 1445,3232 1117,3288 928,3218 791,3239"/>
                <Baseline points="805,3366 889,3355 974,3349 1058,3348 1143,3348 1227,3348 1312,3348 1396,3348 1481,3351 1565,3357 1650,3360 1734,3362 1819,3364 1903,3360 1988,3361 2072,3365 2157,3361 2241,3372 2326,3384 2410,3390 2495,3390"/>
                <TextEquiv>
                    <Unicode>Wann er der liſt alreſt vand</Unicode>
                </TextEquiv>
            </TextLine>
            <TextEquiv>
                <Unicode></Unicode>
            </TextEquiv>
        </TextRegion>
        <TextRegion orientation="0.0" id="tr_2" custom="readingOrder {index:1;}">
            <Coords points="2721,621 2721,3097 4548,3097 4548,621"/>
            <TextLine id="tr_2_tl_1" custom="readingOrder {index:0;} unclear {offset:0; length:2;} abbrev {offset:20; length:6;expansion:genant;}">
                <Coords points="2769,703 2920,771 3284,726 3544,800 3605,748 3825,708 4108,766 4270,701 4488,710 4491,593 4061,587 3574,663 3329,587 3057,632 2771,605"/>
                <Baseline points="2781,710 2866,725 2952,723 3037,722 3123,722 3209,718 3294,716 3380,716 3466,716 3551,716 3637,713 3723,710 3808,708 3894,704 3980,706 4065,709 4151,703 4237,698 4322,698 4408,692 4494,698"/>
                <TextEquiv>
                    <Unicode>Ie ward von im enos gena̅t</Unicode>
                </TextEquiv>
            </TextLine>
            <TextLine id="tr_2_tl_2" custom="readingOrder {index:1;}">
                <Coords points="2737,912 2861,883 3045,946 3135,886 3315,921 3551,877 3625,924 3711,888 3792,942 4016,944 4160,872 4349,903 4491,863 4477,708 4297,798 3738,721 3574,823 3353,760 3185,802 2740,735"/>
                <Baseline points="2751,865 2838,865 2925,868 3012,871 3099,871 3186,871 3273,871 3361,869 3448,865 3535,865 3622,865 3709,864 3796,859 3883,859 3971,859 4058,859 4145,859 4232,859 4319,853 4406,847 4494,847"/>
                <TextEquiv>
                    <Unicode>Wan er herr in der ſtat ward</Unicode>
                </TextEquiv>
            </TextLine>
            <TextLine id="tr_2_tl_3" custom="readingOrder {index:2;}">
                <Coords points="2744,1056 3230,1027 3320,1074 3441,1023 3565,1079 3690,1027 4003,1038 4093,1088 4360,1018 4320,937 4099,910 3942,951 3574,895 3353,962 3158,901 3045,946 2859,883 2744,910"/>
                <Baseline points="2757,1002 2837,1002 2917,1002 2997,1006 3078,1008 3158,1011 3238,1014 3319,1014 3399,1014 3479,1014 3560,1014 3640,1014 3720,1014 3800,1014 3881,1014 3961,1017 4041,1020 4122,1020 4202,1020 4282,1020 4363,1020"/>
                <TextEquiv>
                    <Unicode>Daʒer die punchtor verſpart</Unicode>
                </TextEquiv>
            </TextLine>
            <TextLine id="tr_2_tl_4" custom="readingOrder {index:3;}">
                <Coords points="2740,1196 3695,1223 3953,1173 4077,1234 4120,1227 4120,1081 3971,1054 3747,1092 3623,1038 3567,1081 3445,1027 3324,1074 3223,1027 3108,1088 2955,1041 2737,1054"/>
                <Baseline points="2751,1158 2819,1155 2888,1152 2956,1152 3025,1152 3094,1155 3162,1159 3231,1163 3300,1163 3368,1160 3437,1158 3506,1158 3574,1158 3643,1161 3712,1163 3780,1163 3849,1163 3918,1163 3986,1161 4055,1157 4124,1152"/>
                <TextEquiv>
                    <Unicode>Wan alle die da warn</Unicode>
                </TextEquiv>
            </TextLine>
            <TextLine id="tr_2_tl_5" custom="readingOrder {index:4;}">
                <Coords points="2758,1304 3315,1369 3488,1319 4293,1375 4423,1351 4423,1232 4178,1250 3953,1173 3657,1234 3189,1205 3079,1250 2755,1196"/>
                <Baseline points="2769,1301 2852,1301 2935,1301 3018,1296 3101,1299 3184,1305 3267,1307 3350,1307 3433,1309 3516,1313 3599,1313 3682,1314 3765,1319 3848,1319 3931,1319 4014,1319 4097,1319 4180,1319 4263,1315 4346,1313 4429,1319"/>
                <TextEquiv>
                    <Unicode>Die muſten ſeines willen varn</Unicode>
                </TextEquiv>
            </TextLine>
            <TextLine id="tr_2_tl_6" custom="readingOrder {index:5;}">
                <Coords points="2758,1477 2823,1445 3241,1526 3311,1479 3405,1517 3998,1504 3994,1364 3922,1353 3731,1396 3652,1351 3508,1382 3380,1335 3315,1369 3039,1324 2755,1366"/>
                <Baseline points="2769,1444 2830,1444 2892,1444 2954,1444 3016,1449 3078,1453 3139,1456 3201,1456 3263,1459 3325,1462 3387,1462 3448,1462 3510,1464 3572,1468 3634,1468 3696,1470 3757,1474 3819,1474 3881,1472 3943,1469 4005,1474"/>
                <TextEquiv>
                    <Unicode>Paide weib vnd man</Unicode>
                </TextEquiv>
            </TextLine>
            <TextLine id="tr_2_tl_7" custom="readingOrder {index:6;}">
                <Coords points="2758,1654 2881,1623 3018,1656 3162,1607 3369,1668 3556,1629 3801,1701 4021,1636 4371,1652 4369,1535 4239,1558 4099,1490 3857,1524 3783,1488 3369,1495 3263,1553 2758,1501"/>
                <Baseline points="2769,1599 2849,1604 2929,1605 3009,1605 3090,1605 3170,1608 3250,1611 3331,1611 3411,1611 3491,1611 3572,1617 3652,1612 3732,1611 3812,1611 3893,1611 3973,1611 4053,1611 4134,1611 4214,1612 4294,1617 4375,1611"/>
                <TextEquiv>
                    <Unicode>Die warn ym alle vndertan</Unicode>
                </TextEquiv>
            </TextLine>
            <TextLine id="tr_2_tl_8" custom="readingOrder {index:7;}">
                <Coords points="2726,1787 2962,1780 3115,1852 3295,1802 3353,1854 3740,1802 4275,1834 4333,1809 4333,1668 4210,1638 3801,1701 3630,1645 3484,1708 3423,1663 3272,1699 3196,1650 2951,1632 2724,1674"/>
                <Baseline points="2739,1754 2819,1759 2899,1760 2979,1760 3059,1760 3139,1760 3219,1760 3299,1763 3379,1772 3459,1772 3539,1772 3619,1772 3699,1772 3779,1772 3859,1772 3939,1772 4019,1772 4099,1772 4179,1772 4259,1772 4339,1772"/>
                <TextEquiv>
                    <Unicode>Der ſechſt ſun adams chind</Unicode>
                </TextEquiv>
            </TextLine>
            <TextLine id="tr_2_tl_9" custom="readingOrder {index:8;}">
                <Coords points="2758,1951 2969,1940 3054,1978 3342,1937 3434,1991 3708,1946 3785,1991 4025,1937 4288,2009 4398,1964 4396,1816 3877,1836 3740,1802 3506,1861 3400,1823 3356,1854 3295,1805 3120,1852 2755,1805"/>
                <Baseline points="2769,1922 2850,1927 2932,1928 3014,1928 3096,1932 3178,1934 3259,1934 3341,1936 3423,1939 3505,1938 3587,1934 3668,1934 3750,1934 3832,1934 3914,1929 3996,1928 4077,1928 4159,1931 4241,1934 4323,1936 4405,1945"/>
                <TextEquiv>
                    <Unicode>Der vand liſt die fromd ſind</Unicode>
                </TextEquiv>
            </TextLine>
            <TextLine id="tr_2_tl_10" custom="readingOrder {index:9;}">
                <Coords points="2758,2099 2875,2158 3122,2101 3522,2153 4041,2108 4041,2021 3906,2027 3816,1973 3708,2032 3481,2043 3356,1973 2843,1982 2758,2025"/>
                <Baseline points="2769,2089 2832,2089 2896,2089 2960,2089 3024,2089 3088,2091 3152,2095 3216,2095 3280,2095 3344,2096 3408,2100 3471,2101 3535,2101 3599,2101 3663,2101 3727,2101 3791,2100 3855,2096 3919,2092 3983,2086 4047,2077"/>
                <TextEquiv>
                    <Unicode>Muſicam die vand er</Unicode>
                </TextEquiv>
            </TextLine>
            <TextLine id="tr_2_tl_11" custom="readingOrder {index:10;}">
                <Coords points="2758,2248 3059,2306 3232,2272 3634,2333 3861,2288 4023,2317 4167,2301 4165,2144 3522,2153 3430,2115 3286,2162 3153,2101 2881,2155 2755,2131"/>
                <Baseline points="2769,2244 2839,2249 2909,2247 2979,2244 3049,2244 3119,2244 3189,2244 3260,2244 3330,2244 3400,2245 3470,2254 3540,2256 3610,2258 3680,2262 3751,2262 3821,2262 3891,2262 3961,2260 4031,2255 4101,2251 4172,2244"/>
                <TextEquiv>
                    <Unicode>Der ſelb degen alſo her</Unicode>
                </TextEquiv>
            </TextLine>
            <TextLine id="tr_2_tl_12" custom="readingOrder {index:11;}">
                <Coords points="2744,2448 2940,2436 3036,2483 3221,2416 3421,2492 3547,2441 3652,2481 3722,2445 3881,2479 4371,2457 4371,2313 4290,2286 4021,2335 3861,2288 3589,2351 3149,2270 2996,2349 2827,2272 2744,2286"/>
                <Baseline points="2757,2411 2837,2416 2918,2412 2999,2407 3080,2405 3161,2405 3242,2405 3323,2407 3404,2411 3485,2412 3566,2417 3646,2417 3727,2417 3808,2417 3889,2421 3970,2420 4051,2417 4132,2417 4213,2415 4294,2411 4375,2411"/>
                <TextEquiv>
                    <Unicode>Die iſt ein chunſt alſo gut</Unicode>
                </TextEquiv>
            </TextLine>
            <TextLine id="tr_2_tl_13" custom="readingOrder {index:12;} abbrev {offset:21; length:6;expansion:frumen;}">
                <Coords points="2740,2630 2958,2657 3214,2612 3495,2659 3866,2607 3987,2661 4338,2605 4542,2621 4540,2524 4275,2481 4151,2522 4014,2515 3962,2463 3639,2479 3535,2439 3373,2499 3122,2443 3036,2486 2737,2439"/>
                <Baseline points="2751,2584 2840,2584 2930,2584 3020,2566 3110,2572 3200,2572 3290,2572 3379,2572 3469,2572 3559,2578 3649,2578 3739,2584 3829,2590 3919,2590 4008,2590 4098,2596 4188,2596 4278,2596 4368,2596 4458,2596 4548,2596"/>
                <TextEquiv>
                    <Unicode>Daʒ ſy der phaffhait frume̅ tut</Unicode>
                </TextEquiv>
            </TextLine>
            <TextLine id="tr_2_tl_14" custom="readingOrder {index:13;}">
                <Coords points="2715,2787 3025,2814 3200,2762 3317,2809 3668,2767 3758,2807 3868,2758 4196,2762 4196,2681 4048,2639 3944,2661 3866,2609 3632,2609 3585,2654 3317,2681 3200,2612 2715,2654"/>
                <Baseline points="2727,2733 2800,2738 2874,2735 2948,2736 3022,2737 3095,2733 3169,2733 3243,2733 3317,2733 3390,2733 3464,2733 3538,2733 3612,2738 3685,2735 3759,2736 3833,2739 3907,2739 3980,2739 4054,2739 4128,2739 4202,2739"/>
                <TextEquiv>
                    <Unicode>Wann die pegeben lewte</Unicode>
                </TextEquiv>
            </TextLine>
            <TextLine id="tr_2_tl_15" custom="readingOrder {index:14;} abbrev {offset:0; length:10;expansion:Schreibent;}">
                <Coords points="2708,2911 2904,2953 3245,2908 3470,2971 3675,2922 3774,2960 3996,2904 4149,2924 4111,2818 3888,2830 3812,2769 3704,2827 3600,2773 3450,2816 3155,2780 2708,2803"/>
                <Baseline points="2721,2889 2792,2894 2864,2895 2935,2895 3007,2895 3079,2895 3150,2900 3222,2901 3294,2903 3365,2905 3437,2901 3509,2901 3580,2901 3652,2901 3724,2902 3795,2906 3867,2906 3939,2903 4010,2901 4082,2902 4154,2906"/>
                <TextEquiv>
                    <Unicode>Schreibn̅t an die hewte</Unicode>
                </TextEquiv>
            </TextLine>
            <TextLine id="tr_2_tl_16" custom="readingOrder {index:15;} abbrev {offset:21; length:8;expansion:singent;}">
                <Coords points="2758,3054 3989,3057 4050,3097 4311,3102 4477,3059 4477,2953 4084,2937 3893,2989 3738,2937 3470,2969 3369,2931 3000,2980 2755,2915"/>
                <Baseline points="2769,3050 2854,3050 2940,3050 3025,3045 3111,3044 3197,3044 3282,3048 3368,3050 3454,3054 3539,3056 3625,3056 3711,3059 3796,3062 3882,3059 3968,3056 4053,3058 4139,3062 4225,3060 4310,3057 4396,3062 4482,3056"/>
                <TextEquiv>
                    <Unicode>Wann ſy dem don nach ſinge̅t̅</Unicode>
                </TextEquiv>
            </TextLine>
            <TextEquiv>
                <Unicode></Unicode>
            </TextEquiv>
        </TextRegion>
    </Page>
</PcGts>
