5141 6005
697 548 2467 809 Vil ſchier chom der gut man
720 718 2582 948 Wann er ſich auf richten pegan
743 862 2407 1088 Er het die red gehöret wol
734 1009 2388 1221 Des was ſein leib laides vol
748 1156 2062 1389 Er vmb ſach cʒehant
746 1307 2486 1517 Do er ſein getrewe̅ vater vand
736 1470 2323 1706 Wann er ſi vor ym ſten ſach
729 1640 2449 1880 Ein wort er vor cʒorn ſprach
722 1775 2218 2025 Daʒ iſt der vnſelig cham
720 1939 2514 2214 Der mus hewt vor mir ſcham
701 2092 2195 2353 Vnd vil groſſen ſmercʒen
720 2216 2085 2463 An leib vnd an hercʒen
713 2419 2307 2621 Er ſpotet mein do ich do lag
746 2558 2332 2770 Des ſicht er hewt leſten tag
736 2703 2453 2950 Den fluech mus er vo̅ mir han
734 2871 2488 3083 Er hat vil vbel an mir getan
739 3045 2405 3262 Cham gedacht in ſeine̅ mute
708 3204 2423 3411 Vnd hilfet mir got der gute
666 3360 2512 3558 Ich wil cʒu meinem vater gan
722 3516 2541 3857 Des enwil ich werleich nicht lan
715 3679 2262 3893 Vnd gie auch cʒehant dar
697 3847 2464 4071 Des na̅ ſein vater vil wol war
686 4022 2207 4241 DO er den ſun ane ſach
876 4180 2402 4392 wider in er cʒornich ſprach
734 4331 2321 4557 Haſtu getan die wider cher
694 4474 1918 4704 Alle ſeld vnd alle er
748 4634 2141 4891 Dy ſey dir alle widerſait
683 4814 2358 5005 Got ſey von mir daʒ gechait
713 4928 2405 5168 Daʒ ich dich ye cʒyehent gewa̅
2714 587 4117 820 Der fluch ſey dir getan
2712 753 4474 976 Was kind von dir chünftig ſei̅
2724 918 4136 1130 Das ſy den prudern dein
2733 1083 4245 1307 Müſſen werden vndertan
2712 1242 4262 1433 Vnd ir geniſt von in han
2714 1375 4703 1615 Dein chind ſind ir chindes chnecht
2700 1519 4614 1773 Du ſolt auch haben chain recht
2689 1664 4262 1906 Ʒu allen dingen die ich han
2700 1850 4518 2069 Deinen prudern ich der ern gan
2703 1994 4464 2220 Wann du haſt mein geſpot ſer
2698 2158 4287 2370 Von dir fliech ſeld vnd er
2717 2304 4425 2563 Dein pruder mein erb peſicʒen
2698 2479 4345 2696 Mit ſinnen vnd mit wicʒen
2698 2617 4525 2845 Mit fluechen muſt du ſein v’tan
2698 2784 4483 3022 Wann ich den ſpot gehöret han
2696 2931 4429 3136 Von dir in meiner chrankait
2696 3090 4338 3295 Des mus dir geſchehen lait
2689 3227 4345 3460 Des helf mir der recht got
2689 3392 4509 3653 Der fluech ſey dein vmb diſe̅ ſpot
2668 3535 4443 3805 Z ʒu diſen ſune̅ er do ſprach
2933 3702 4641 3945 Ir ſult haben chaine̅ vngemach
2673 3841 4315 4073 Leiden noch nicht ſmercʒen
2682 3996 4201 4215 An leib noch an hercʒen
2689 4154 4064 4376 Sem lieber ſun mein
2689 4287 4429 4548 Du ſolt hewt vnd ymmer ſein
2649 4464 4359 4690 Gewaltig vnd ymmer vrey
2698 4599 3989 4823 Alle ſeld wan dir pey
2659 4770 4392 4979 Vnd was chünftig von dir ſey
2698 4912 4399 5156 Das mus ymmer weſen vrey
