5041 5991
688 670 2552 932 Daʒ iſt wille der gothait geſait
693 867 2433 1154 Do ymmer cʒe ende werd von
920 1007 2664 1254 DO ſprach daʒ ſelb weib cʒeha̅t
867 1169 2495 1381 Mir iſt daʒ ſelb wol pecha̅t
670 1296 2495 1563 Daʒ dir die potſchaft iſt chome̅
683 1446 2425 1692 Das han ich von dir vernome̅
683 1605 2363 1832 Der die potſchaſt het geſait
685 1755 2485 1992 Das was mir lieb vn̅ nicht laid
683 1914 2418 2161 Den poten ſach ich cʒu dir gen
646 2076 2256 2311 Vnd ſo ſchon vor dir ſten
688 2238 2435 2473 Ich het ſein red alſo wol vol
670 2390 2380 2620 Des ward mein hercʒ vrewde̅
663 2537 2485 2759 Dar nach in vil churcʒer ſtunde
663 2704 2453 2931 Ward ir daʒ chind vo̅ im kunde
675 2856 2473 3108 Vnd trug es nach vrawe̅ recht
641 2979 2607 3283 Da ward es ein vil ſchöner chnecht
646 3185 2261 3420 Vnd ward gehaiſſen yſaac
633 3332 2383 3587 Abraham chünd daʒ chindlein
641 3509 2385 3751 Nymmer lieber geweſen ſein
665 3676 2512 3888 Daʒ chind wuchs pis im ward ge
2159 3831 2530 4033 cʒalt
673 3833 2004 4035 Es wer cʒwelf iar alt
656 3963 2448 4220 Vnd ſwas der vater vor ſprach
636 4130 2316 4364 Daʒ chind ym alles nach iach
623 4322 2490 4551 Wann er prach me de̅ wille̅ ſein
621 4469 2410 4693 Der vater tet ym trewe̅ ſchem
593 4656 2440 4858 Wann es was ym vnmaʒʒ̅e̅ lieb
623 4798 2119 4995 Got lobt er der in periet
618 4943 2423 5192 Mein liebes chind de̅ wil ich lo be̅
2645 665 4242 915 Ich müſt werleich toben
2647 832 4546 1062 Vnd dancht ich nicht der gothait
2707 1004 4422 1204 Ich ſolt werleich hercʒe̅ lait
2642 1147 4349 1358 An dir liebes chind geſehen
2707 1301 4544 1563 Nu piſt mir lieb deʒ mus ich iehen
2824 1456 4232 1675 DO got die lieb da geſach
2767 1613 4429 1872 Wider ſich ſelb er do ſprach
2647 1757 3861 1959 Ich wil abrahamen
2612 1907 4329 2114 Verſuchen vnd ſeinen ſamen
2630 2054 4434 2266 Wann ich wais wol das yſaac
2642 2206 4349 2415 Layder nymmer weſen mak
2640 2345 4586 2595 Den gepewt ich ym cʒeopher geben
2642 2510 4397 2739 An aller hand widerſtreben
2630 2672 4369 2881 Den engel ſant er cʒu im dan
2635 2799 4639 3033 Der ſprach nu horet mich gots ma̅
2655 2976 4474 3193 Abraham lieber gotes chnecht
2642 3133 4586 3360 Ich wirb ein potſchaſt die iſt recht
2612 3283 4412 3527 Darumb ich pin cʒu dir geſant
2605 3450 4302 3652 Dar umb ſoltu ſein gemant
2617 3622 4339 3819 Das gepewtet dir die gothait
2622 3769 4260 4005 Daʒ ſol dir nicht weſen laid
2617 3923 4349 4150 Auf dem perig der dort ſtat
2600 4070 4347 4327 Soltu dein opher pringe̅ drat
2602 4250 4337 4472 Das opher wil ich ew nennen
2605 4422 4205 4621 Daʒ ir es mügt erchennen
2627 4546 4113 4781 Es ſol dein ſun ſein yſaac
2602 4678 4452 4878 Der dir nicht lieber werde̅ mak
2587 4850 4442 5082 Als lieb dir ſey dem ſelbs leben
2635 5010 4402 5254 Du ſolt in got cʒeopher geben
