5105 5972
714 680 2371 912 Swer ſein huld wolte han
731 866 2482 1069 Der getorſt es nymand geben
712 1018 2400 1245 Wolt er pehalten das leben
750 1170 2029 1380 Ʒu den ſelben ſtunden
714 1334 2246 1539 Ward das golt gefunden
724 1498 2099 1759 Den ab götern cʒe ern
724 1653 1935 1843 Ir lob damit mern
731 1821 2593 2043 Vnd ſwas damit gewu̅ne ward
745 1957 2632 2205 Daʒ ward nicht lenger do geſpart
760 2154 2437 2362 Man cʒieret da mit die ab got
738 2287 2569 2557 Cʒwar daʒ was des tewphels ſpot
758 2437 2224 2668 Reſſ der vorchtſam man
743 2586 2304 2842 Der ſelb einen ſun gewan
791 2745 2239 2972 Der ward genant nimis
745 2907 2203 3180 Der paiyet die ftat alſus
2753 661 4403 919 Die ward nynniue genant
2753 868 4487 1098 Do ward er herr inn pechant
2667 994 4687 1256 Nimis vard ein gewaltig ma̅
3028 1177 4470 1409 Der rau frünichleich dan
2745 1312 4246 1546 Mit her in egypten lant
2762 1455 4700 1686 Von im ward manich laid pecha̅t
2753 1626 4234 1850 Den lewten allen v̈berale
2762 1730 4644 1993 Er betwa̅g ſy mit groſſe̅ ſchalle
2757 1942 4379 2145 Vnd mit vorchtſamer hant
2741 2065 4359 2287 Gewan er do egypten land
2729 2212 4422 2439 Daʒ chom im do cʒe vngewin
2762 2379 4314 2591 Den hern ſlug er dar inn
2731 2492 4531 2724 Vnd der werlt ein michel tail
2729 2675 4386 2924 Daʒ chom im gar cʒe vnhail
2741 2840 4314 3057 Do petwauch er das lant
2726 3001 4007 3216 Wa er ein ſtat vand
2745 3156 4516 3387 Die muſt im werden vnderta̅̄
2741 3317 4002 3544 Paide weib vnd man
2767 3476 4521 3710 Man ſach in fleiʒchleichen varn
2762 3653 4294 3865 Darnach in churcʒen jarn
2745 3797 4121 4031 Starb der herr nymis
2755 3959 4060 4178 Das lant peſas alſus
2757 4118 4340 4362 Sein weib ſereamus hies
2745 4273 4651 4502 Die manigen von dem leben ſtieʒʒ
2716 4449 4183 4678 Wann ſy gewaltichleich
2753 4618 4031 4844 Für aws in die reich
2753 4753 4671 4979 Vnd betwang mit gwaltig' ha̅t
2757 4934 4014 5170 Paide ſtet vnd lant
