5141 5972
486 552 2413 1173 ¶ Sem noe ſun der gut chnecht
684 782 2274 1009 Sechs hundert iar er lebt
708 945 2044 1150 Vnd darcʒu cʒway iar
694 1099 2250 1329 Daʒ ich ew ſag daʒ iſt war
684 1221 2489 1448 Darnach ward er prieſt’ cʒeha̅t
703 1400 2445 1634 Melchiſedech ward er genant
718 1551 2345 1800 Nu han ich ew geſagt gan
706 1688 2289 1937 Von ſeinem altar cʒwar
710 1890 2311 2260 DArnach tuen ich
1082 2169 2472 2440 Ew pechant Das
786 2337 2540 2640 Pey den cʒeiten v̈ber alle
735 2562 2449 2882 lant Chain chünich •
716 2802 2152 3036 noch chünichreich was
725 2938 2362 3153 Als ich an dem puech las
2675 618 4030 848 Dauon wurden herren
2643 799 3918 1001 Nachent vnd verren
2643 909 4345 1109 Wann wer in der ſelben cʒeit
2635 1080 3735 1277 In der werlt weyt
2675 1163 4169 1444 Ein ſtat geſtiften möchte
2672 1341 3954 1605 Die ſeinen ern töchte
2679 1519 4050 1712 Da ward er herre inne
2650 1693 4055 1903 Des hulfen im ſein ſinne
2662 1773 4624 2039 Der da daʒ gröſte chünn gewann
2662 1991 4489 2220 Der daucht ſich ein pider man
2660 2145 4553 2364 Wann er ward gewaltig genug
2675 2289 4541 2506 Daʒ chrenker chum er nider ſlug
2655 2450 4414 2682 Des mocht do nyema̅ er han
2631 2606 4594 2826 Wann er vil groſſes chunn gewan
2679 2760 4433 2995 Man forcht des ſelben gepot
2680 2938 3888 3122 Noch mer denn got
