5353 5986
984 672 2684 909 Die magt nach der mentſchait
984 848 2618 1077 Daʒ ſol ew hie werden geſait
950 1009 2699 1255 Als eʒ durch der ꝑpheten mu̅t
931 1182 2694 1409 Got vnſer herr machet chu̅t
962 1336 2052 1556 Dauon ſait yſayas
977 1492 2792 1707 Der vol deʒ heiligen gaiſtes was
989 1644 2401 1869 Der ſpricht got der herſt
984 1788 2428 1986 Der jüngſt vnd der erſt
953 1920 2704 2169 Dein hand die er gemacht hat
972 2101 2655 2330 So hat den hymel als der ſtat
948 2279 2667 2479 Gemeſſen gar ſein ʒeſein hant
977 2416 2697 2667 Daʒ tut vns auch dauid pecha̅t
965 2577 2496 2799 Got mit ſeinem wort hat
984 2731 2880 2980 Den hymel geueſtent do er noch ſtat
977 2909 2748 3126 Mit ſeins mundes geiſt ir chraſt
948 3058 2359 3292 Geſterkt iſt die machkt
1023 3207 2604 3468 Pecʒaichent die namen drey
987 3380 2643 3603 Die got ſind mit namen pey
928 3529 2660 3749 Got iſt got das wort daʒ chind
989 3693 2721 3930 Der heilig gaiſt die name̅ ſind
989 3857 2672 4111 Drey name̅ in ꝑſonen drein
994 4015 2555 4243 Die drey namen vnder in
975 4174 2745 4418 Sind drey namen ain ewichait
970 4333 2806 4619 Ain vngeſchaidnew vnderſchait
984 4516 2714 4756 Der gothait als vns veriach
984 4668 2697 4924 Dauid do er von dem ſun ſprach
965 4878 2711 5129 Ʒu dem vnter in des ſuns wort
2990 659 4885 904 Als der Vater ſpricht ʒu de̅ ſun dort
2980 838 4736 1036 Du piſt mein ſun ſprich ʒu mir
2973 984 4431 1182 Der herr gert ich gib dir
2951 1124 4445 1319 Ʒe erb der erd end cʒild
2963 1280 4213 1490 Vnd alle die du wild
2965 1429 4524 1673 Daʒ ſi dir ſein ʒe erb erchorn
2970 1610 4411 1837 Ich han hewt dich geporn
2960 1732 4467 1971 Vor Lucifer gepar ich dich
2963 1908 4895 2135 Sunſt manichk weis pecʒaich̅et ſich
2973 2054 4934 2281 Das got ward mentſch vnd iſt got
2948 2235 4294 2433 Als es wolt ſein gepot
2951 2355 4384 2601 Daʒ iſt pewert alſo vil
3026 2518 4712 2765 Vnd alſo wol daʒ ich nicht wil
3048 2731 4323 2946 Noch enſol noch entarr
3034 2858 4663 3119 Für paʒ die red perichten gar
3009 3014 4653 3246 Als ich an den geſchriſten las
2980 3209 4309 3444 Auch ſpricht yſayas
2960 3346 4399 3573 Wer mag ſein geſlecht
2997 3517 4502 3752 Mit cʒal volpringen ſlecht
2977 3669 4709 3913 Der weis Job auch do pey ſait
2990 3830 4829 4062 Wo vindes vinſtu gotis weiſhait
2941 3991 4697 4218 Im iſt die chünd wye oder wa
2990 4145 4690 4375 Auch iſt geſchriben anderſwa
2960 4304 4770 4555 Wem iſt die wurcʒ der weiſhait
2926 4472 4480 4724 Vnd der vnhab fürgelait
2990 4687 4201 4890 Des warn gotis ſuns
2968 4863 4719 5134 Seind mir der mentſchait runs
