5213 6005
772 535 2604 781 Drew hundert iar vnd lxvj jar
987 702 2518 941 Adam het ein tochter gut
843 841 2769 1073 Die was piderb v̅n̅ wolgemut
822 1022 2121 1211 Deona was ſy genant
831 1154 2322 1374 Ir tugent cʒieret alle lant
815 1285 2513 1529 Die was auch fru̅ an frümkait
762 1450 2494 1696 Wann alle poſhait waʒ ir lait
800 1567 2456 1818 Ab den ſchaffen ſchar ſy woll
805 1749 2343 1978 Deʒ ward ein michel chnell
850 1878 2341 2126 Vnd vand den liſt alcʒehant
798 2016 2377 2274 Als ich es geſchriben vant
798 2174 2506 2480 Die ſelb vraw cʒaiſet vnd ſpan
817 2341 2501 2592 Uncʒ ſy ein wüllen tuch gewann
757 2465 2360 2714 Den liſt vand die fraw gut
786 2644 2566 2876 Des ward der vater wolgemut
1008 2804 2377 3053 DArnach vand ſi einen liſt
956 2941 2620 3194 Der manigen lewten nücʒ iſt
776 3110 2506 3332 Weben ſy cʒu dem erſten vand
788 3263 2554 3504 Vnd macht die geſpünſt cʒeha̅t
815 3416 2319 3643 Cʒetüch als ir wol an cʒam
850 3557 2396 3860 Sy ſprach vater mein adam
2742 545 4512 798 Ich pin dier ye geweſen trawt
2795 733 4379 977 Deʒ wil ich vater dein hawt
2828 881 3872 1104 Hullen vnd deken
2809 1041 4402 1271 Wann ſy ſol dir nicht pleken
2781 1185 4391 1455 Nym daʒ tuch daʒ ich hie han
2757 1369 4465 1581 Du ſolt nicht lenger plos gan
2745 1505 4641 1787 Durch daʒ tuch ſy im ein loch ſnayd
2742 1679 4603 1909 Nicht anders ward dʼ rok perait
2757 1839 4534 2061 Chainen gern ma̅ dar inn vant
2742 1987 4615 2217 Noch chainen ermel ma̅ do erkāt
2754 2147 4577 2384 Wann es was dannoch ane ſwer
2766 2296 4326 2518 In der welt nicht ſneyder
2993 2451 4608 2752 Daʒ wort adam dikch ſprach
2933 2611 4383 2838 Do er den rok ane ſach
2742 2769 4546 3005 Nu lon dir got mein trechtein
2702 2933 4379 3167 Tochter ich wil dir hold ſein
2726 3105 4109 3347 Mit vil gancʒen trewen
2761 3256 4254 3468 Eʒ ſol dich nicht gerewen
