<?xml version="1.0" encoding="UTF-8" standalone="yes"?>
<PcGts xmlns="http://schema.primaresearch.org/PAGE/gts/pagecontent/2013-07-15" xmlns:xsi="http://www.w3.org/2001/XMLSchema-instance" xsi:schemaLocation="http://schema.primaresearch.org/PAGE/gts/pagecontent/2013-07-15 http://schema.primaresearch.org/PAGE/gts/pagecontent/2013-07-15/pagecontent.xsd">
    <Metadata>
        <Creator>prov=READ-COOP:name=PyLaia@TranskribusPlatform:version=2.20.0:model_id=52284:lm=none:date=02_12_2024_16:10</Creator>
        <Created>2024-11-08T13:43:37.604+01:00</Created>
        <LastChange>2024-12-18T15:29:29.411+01:00</LastChange>
        <TranskribusMetadata docId="5064035" pageId="82739339" pageNr="23" tsid="213491287" status="DONE" userId="290724" imgUrl="https://files.transkribus.eu/Get?id=SADMBRJEAQKAKLFEJFFFKTAY&amp;fileType=view" xmlUrl="https://files.transkribus.eu/Get?id=UMHSDLATWWZRQGOMHCYMCSDJ" imageId="68080516"/>
    </Metadata>
    <Page imageFilename="enikel weltchronik-0023.jpeg" imageWidth="5353" imageHeight="5986">
        <ReadingOrder>
            <OrderedGroup id="ro_1734603114354" caption="Regions reading order">
                <RegionRefIndexed index="0" regionRef="r"/>
                <RegionRefIndexed index="1" regionRef="r_2"/>
            </OrderedGroup>
        </ReadingOrder>
        <TextRegion id="r" custom="readingOrder {index:0;}">
            <Coords points="927,647 2941,647 2941,5215 927,5215"/>
            <TextLine id="r_tl_1" custom="readingOrder {index:0;}">
                <Coords points="960,851 1224,910 1442,842 1901,887 1997,828 2079,873 2352,823 2493,846 2497,669 2147,623 1756,641 1628,723 1497,732 1328,710 1233,646 964,646"/>
                <Baseline points="985,836 1075,830 1164,830 1254,830 1344,824 1433,824 1523,818 1612,824 1702,818 1792,818 1881,818 1971,818 2061,812 2150,812 2240,806 2329,806 2419,806 2509,800"/>
                <TextEquiv>
                    <Unicode>Vnd ſecht wie vnlang wer</Unicode>
                </TextEquiv>
            </TextLine>
            <TextLine id="r_tl_2" custom="readingOrder {index:1;}">
                <Coords points="973,992 1183,1010 1251,1051 1442,983 1506,1019 1628,978 1824,1019 1947,992 1947,878 1769,842 1660,878 1569,837 1492,887 1346,855 1219,910 973,878"/>
                <Baseline points="997,961 1063,967 1152,961 1242,967 1332,961 1421,961 1511,961 1601,961 1690,961 1780,961 1869,961 1959,955"/>
                <TextEquiv>
                    <Unicode>Der ſchön Lucifer</Unicode>
                </TextEquiv>
            </TextLine>
            <TextLine id="r_tl_3" custom="readingOrder {index:2;}">
                <Coords points="964,1124 1415,1215 1556,1124 1751,1178 2020,1114 2279,1174 2329,1164 2338,946 2120,1010 2051,964 1829,1019 1647,978 1269,1051 969,996"/>
                <Baseline points="991,1117 1003,1117 1093,1123 1182,1123 1272,1123 1362,1117 1451,1117 1541,1117 1630,1117 1720,1111 1810,1105 1899,1105 1989,1099 2078,1093 2168,1093 2258,1093 2347,1093"/>
                <TextEquiv>
                    <Unicode>Wirt ſich mich geleichen</Unicode>
                </TextEquiv>
            </TextLine>
            <TextLine id="r_tl_4" custom="readingOrder {index:3;}">
                <Coords points="978,1305 1224,1328 1574,1283 1683,1319 2051,1265 2188,1346 2274,1315 2279,1164 2006,1114 1915,1169 1742,1174 1638,1128 1542,1133 1442,1205 1274,1210 1160,1142 983,1124"/>
                <Baseline points="1003,1278 1033,1272 1123,1272 1212,1278 1302,1272 1391,1266 1481,1266 1571,1266 1660,1260 1750,1260 1840,1254 1929,1254 2019,1254 2108,1254 2198,1254 2288,1254"/>
                <TextEquiv>
                    <Unicode>Vil gar vnnaturleichen</Unicode>
                </TextEquiv>
            </TextLine>
            <TextLine id="r_tl_5" custom="readingOrder {index:4;}">
                <Coords points="973,1447 1160,1451 1255,1515 1624,1428 1888,1483 2024,1428 2065,1478 2170,1487 2179,1292 2015,1269 1683,1319 1460,1287 1328,1356 978,1305"/>
                <Baseline points="997,1439 1015,1433 1105,1427 1194,1433 1284,1427 1374,1421 1463,1415 1553,1409 1642,1415 1732,1403 1822,1403 1911,1397 2001,1397 2090,1397 2180,1397"/>
                <TextEquiv>
                    <Unicode>Er vnd ſein geſellen</Unicode>
                </TextEquiv>
            </TextLine>
            <TextLine id="r_tl_6" custom="readingOrder {index:5;}">
                <Coords points="969,1624 1210,1674 1374,1606 1574,1660 1733,1597 1842,1651 2115,1556 2597,1588 2606,1365 2406,1392 2247,1483 2170,1451 2074,1483 2011,1433 1856,1487 1624,1428 1210,1524 1110,1456 978,1447"/>
                <Baseline points="997,1571 1087,1577 1176,1577 1266,1577 1356,1577 1445,1571 1535,1571 1624,1571 1714,1565 1804,1559 1893,1553 1983,1547 2072,1541 2162,1535 2252,1529 2341,1529 2431,1523 2521,1523 2610,1523"/>
                <TextEquiv>
                    <Unicode>Lant ſich die hochuart vellen</Unicode>
                </TextEquiv>
            </TextLine>
            <TextLine id="r_tl_7" custom="readingOrder {index:6;}">
                <Coords points="928,1774 1342,1829 1715,1747 1910,1783 2015,1742 2152,1792 2306,1769 2438,1688 2588,1719 2593,1592 2415,1551 2256,1569 2156,1633 1810,1651 1733,1597 1610,1665 1383,1610 1292,1669 1033,1619 932,1642"/>
                <Baseline points="955,1744 985,1744 1075,1738 1164,1732 1254,1726 1344,1720 1433,1720 1523,1714 1612,1708 1702,1708 1792,1708 1881,1702 1971,1696 2061,1690 2150,1684 2240,1678 2329,1678 2419,1672 2509,1666 2598,1678"/>
                <TextEquiv>
                    <Unicode>In rechter achuſt tun ſy das</Unicode>
                </TextEquiv>
            </TextLine>
            <TextLine id="r_tl_8" custom="readingOrder {index:7;} abbrev {offset:21; length:7;}">
                <Coords points="964,1920 1110,1970 1310,1901 1356,1942 1628,1897 1742,1947 1824,1910 1920,1947 2324,1874 2461,1915 2593,1856 2679,1906 2816,1879 2820,1738 2666,1706 2083,1792 1710,1738 1342,1833 969,1783"/>
                <Baseline points="991,1905 1039,1911 1129,1905 1218,1893 1308,1887 1397,1881 1487,1869 1577,1863 1666,1863 1756,1851 1845,1857 1935,1851 2025,1845 2114,1840 2204,1840 2294,1840 2383,1840 2473,1840 2562,1840 2652,1840 2742,1840 2831,1834"/>
                <TextEquiv>
                    <Unicode>Des tragent ſy ymmer meine̅ has</Unicode>
                </TextEquiv>
            </TextLine>
            <TextLine id="l_1" custom="readingOrder {index:8;} person {offset:5; length:5;}">
                <Coords points="2955,2066 2556,2006 2233,2074 1933,2011 1838,2088 1674,2115 1528,2051 1237,2138 964,2083 969,1924 1101,1970 1465,1910 2024,1947 2570,1874 2738,1924 2793,1874 2955,1885"/>
                <Baseline points="991,2067 1063,2061 1152,2055 1242,2049 1332,2037 1421,2031 1511,2031 1601,2025 1690,2019 1780,2007 1869,2007 1959,2001 2049,1995 2138,1995 2228,1989 2317,1989 2407,1989 2497,1989 2586,1995 2676,1989 2765,1989 2855,1983 2945,1983 2955,1983"/>
                <TextEquiv>
                    <Unicode>Auch adam von mir gemacht wirt</Unicode>
                </TextEquiv>
            </TextLine>
            <TextLine id="r_tl_10" custom="readingOrder {index:9;} abbrev {offset:27; length:6;}">
                <Coords points="951,2233 1174,2252 1310,2202 1556,2252 1656,2197 1947,2197 2165,2243 2329,2183 2606,2229 2793,2197 2797,2065 2556,2001 2238,2074 1970,2024 1888,2083 1651,2120 1551,2056 1237,2138 955,2083"/>
                <Baseline points="979,2210 1009,2210 1099,2210 1188,2198 1278,2192 1368,2186 1457,2180 1547,2168 1636,2168 1726,2162 1816,2162 1905,2156 1995,2150 2084,2150 2174,2150 2264,2150 2353,2150 2443,2150 2532,2150 2622,2156 2712,2156 2801,2162"/>
                <TextEquiv>
                    <Unicode>Der auch ſein vallen nicht v’pirt</Unicode>
                </TextEquiv>
            </TextLine>
            <TextLine id="r_tl_11" custom="readingOrder {index:10;}">
                <Coords points="983,2402 1415,2370 1469,2406 2011,2334 2174,2370 2488,2311 2711,2334 2716,2206 2456,2252 2306,2183 2229,2238 2015,2261 1924,2202 1706,2247 1656,2197 1556,2252 1365,2215 1046,2297 987,2274"/>
                <Baseline points="1009,2365 1015,2365 1105,2359 1194,2347 1284,2341 1374,2335 1463,2335 1553,2329 1642,2323 1732,2323 1822,2317 1911,2317 2001,2311 2090,2311 2180,2311 2270,2311 2359,2311 2449,2311 2538,2305 2628,2300 2718,2305"/>
                <TextEquiv>
                    <Unicode>Durch luſt durch rat er daʒ tut</Unicode>
                </TextEquiv>
            </TextLine>
            <TextLine id="r_tl_12" custom="readingOrder {index:11;} abbrev {offset:20; length:7;}">
                <Coords points="1037,2520 1146,2506 1274,2570 2001,2479 2065,2543 2188,2484 2838,2497 2843,2306 2602,2343 2479,2315 2347,2370 1910,2338 1838,2402 1537,2370 1042,2402"/>
                <Baseline points="1063,2503 1147,2503 1236,2503 1326,2485 1415,2485 1505,2479 1595,2479 1684,2473 1774,2473 1863,2473 1953,2467 2043,2467 2132,2467 2222,2461 2311,2461 2401,2461 2491,2461 2580,2455 2670,2449 2760,2455 2849,2461"/>
                <TextEquiv>
                    <Unicode>Nu ſprecht was ewch daru̅b tuchkt</Unicode>
                </TextEquiv>
            </TextLine>
            <TextLine id="line_1733384756558_121" custom="readingOrder {index:12;}">
                <Coords points="935,2567 1856,2502 1961,2552 2106,2543 2238,2484 2596,2492 2596,2631 2475,2670 1783,2656 1669,2711 1533,2679 926,2763"/>
                <Baseline points="956,2656 1278,2652 1368,2646 1457,2634 1547,2628 1636,2622 1726,2616 1816,2616 1905,2610 1995,2616 2084,2616 2174,2616 2264,2610 2353,2616 2443,2616 2532,2616 2596,2586"/>
                <TextEquiv>
                    <Unicode>DIe gerechtichait möcht nu</Unicode>
                </TextEquiv>
            </TextLine>
            <TextLine id="line_1733384756558_120" custom="readingOrder {index:13;}">
                <Coords points="2596,2492 2793,2497 2788,2570 2596,2631"/>
                <Baseline points="2596,2586 2622,2574 2712,2562 2801,2562"/>
                <TextEquiv>
                    <Unicode>gut</Unicode>
                </TextEquiv>
            </TextLine>
            <TextLine id="r_tl_14" custom="readingOrder {index:14;}">
                <Coords points="2497,2716 2534,2725 2561,2720 2570,2734 2584,2729 2593,2738 2625,2720 2666,2720 2679,2707 2688,2720 3087,2717 3087,2640 2688,2647 2684,2634 2661,2620 2588,2620 2547,2647 2497,2652"/>
                <Baseline points="2521,2712 2562,2712 2652,2700 3058,2704"/>
                <TextEquiv>
                    <Unicode>wol ſprech̅</Unicode>
                </TextEquiv>
            </TextLine>
            <TextLine id="r_tl_15" custom="readingOrder {index:15;} person {offset:0; length:4;}">
                <Coords points="1169,2829 1287,2888 1474,2816 1706,2797 1756,2843 1879,2843 2283,2788 2529,2870 2597,2852 2602,2734 2420,2647 2297,2688 2224,2647 1883,2684 1783,2652 1669,2711 1519,2684 1169,2784"/>
                <Baseline points="1194,2813 1266,2813 1356,2807 1445,2801 1535,2783 1624,2783 1714,2777 1804,2777 1893,2777 1983,2777 2072,2771 2162,2771 2252,2765 2341,2765 2431,2771 2521,2771 2610,2771"/>
                <TextEquiv>
                    <Unicode>Herr er chan dir prechen</Unicode>
                </TextEquiv>
            </TextLine>
            <TextLine id="r_tl_16" custom="readingOrder {index:16;}">
                <Coords points="1019,2993 1319,3020 1442,2979 1524,3020 1624,2952 2147,3011 2279,2966 2334,3002 2465,2952 2538,2975 2547,2802 2406,2857 2279,2797 2051,2843 1751,2843 1669,2802 1296,2888 1224,2825 1137,2866 1023,2820"/>
                <Baseline points="1045,2969 1123,2969 1212,2969 1302,2969 1391,2963 1481,2957 1571,2951 1660,2945 1750,2945 1840,2945 1929,2933 2019,2933 2108,2933 2198,2933 2288,2927 2377,2927 2467,2933 2556,2927"/>
                <TextEquiv>
                    <Unicode>Vnd wirt dir vngehorſam</Unicode>
                </TextEquiv>
            </TextLine>
            <TextLine id="r_tl_17" custom="readingOrder {index:17;} abbrev {offset:19; length:9;}">
                <Coords points="983,3189 1124,3157 1274,3207 1337,3161 1492,3180 1692,3111 2356,3166 2515,3102 2879,3234 2884,3020 2479,2952 2152,3011 1724,2957 1160,3066 1074,2993 987,2989"/>
                <Baseline points="1009,3148 1015,3148 1105,3136 1194,3136 1284,3124 1374,3118 1463,3112 1553,3112 1642,3106 1732,3106 1822,3100 1911,3100 2001,3094 2090,3094 2180,3088 2270,3088 2359,3094 2449,3088 2538,3088 2628,3088 2718,3088 2807,3088 2897,3088"/>
                <TextEquiv>
                    <Unicode>Du piſt ym wol von ſchulde̅ gram</Unicode>
                </TextEquiv>
            </TextLine>
            <TextLine id="r_tl_18" custom="readingOrder {index:18;}">
                <Coords points="955,3362 1196,3362 1287,3293 1547,3339 1733,3271 1892,3325 2011,3289 2088,3343 2147,3302 2197,3348 2443,3280 2447,3148 2120,3170 2056,3130 1719,3120 1501,3216 1342,3157 1215,3211 1119,3157 960,3175"/>
                <Baseline points="979,3315 1021,3309 1111,3303 1200,3297 1290,3285 1380,3285 1469,3279 1559,3273 1648,3267 1738,3267 1828,3261 1917,3261 2007,3255 2096,3255 2186,3255 2276,3255 2365,3255 2455,3261"/>
                <TextEquiv>
                    <Unicode>Aber die parmhercʒichait</Unicode>
                </TextEquiv>
            </TextLine>
            <TextLine id="r_tl_19" custom="readingOrder {index:19;}">
                <Coords points="973,3512 1638,3521 1833,3443 2001,3453 2088,3534 2192,3434 2565,3475 2570,3239 2229,3348 1961,3284 1738,3339 1642,3293 1524,3348 1274,3289 1164,3380 978,3362"/>
                <Baseline points="997,3476 1051,3464 1141,3458 1230,3453 1320,3447 1409,3447 1499,3441 1589,3441 1678,3435 1768,3429 1857,3435 1947,3429 2037,3429 2126,3429 2216,3423 2305,3429 2395,3429 2485,3429 2574,3435"/>
                <TextEquiv>
                    <Unicode>Was die red an rechtes lait</Unicode>
                </TextEquiv>
            </TextLine>
            <TextLine id="r_tl_20" custom="readingOrder {index:20;}">
                <Coords points="978,3639 1196,3707 1678,3621 1833,3666 1897,3630 2001,3698 2147,3621 2243,3671 2506,3639 2511,3480 2429,3443 2315,3443 2188,3539 1833,3443 1638,3521 1478,3484 1356,3530 983,3512"/>
                <Baseline points="1003,3632 1087,3632 1176,3620 1266,3614 1356,3608 1445,3608 1535,3596 1624,3596 1714,3590 1804,3590 1893,3596 1983,3590 2072,3590 2162,3590 2252,3584 2341,3578 2431,3578 2521,3572"/>
                <TextEquiv>
                    <Unicode>Sy ſprach genad herr got</Unicode>
                </TextEquiv>
            </TextLine>
            <TextLine id="r_tl_21" custom="readingOrder {index:21;} abbrev {offset:22; length:7;}">
                <Coords points="992,3830 1242,3853 1451,3794 1628,3862 1961,3798 2074,3857 2243,3771 2370,3871 2802,3862 2807,3671 2638,3589 2352,3680 2170,3689 2092,3634 2001,3703 1901,3630 1838,3666 1642,3634 1410,3712 1192,3712 996,3644"/>
                <Baseline points="1015,3811 1021,3817 1111,3805 1200,3799 1290,3793 1380,3775 1469,3769 1559,3769 1648,3763 1738,3757 1828,3757 1917,3757 2007,3757 2096,3751 2186,3751 2276,3751 2365,3751 2455,3751 2544,3757 2634,3757 2724,3757 2813,3757"/>
                <TextEquiv>
                    <Unicode>Die gerechtichait hat veſte̅ müt</Unicode>
                </TextEquiv>
            </TextLine>
            <TextLine id="r_tl_22" custom="readingOrder {index:22;}">
                <Coords points="992,4030 1087,3985 1215,4021 1406,3985 1469,4030 1519,3980 1710,3953 1901,3967 1979,4026 2120,3948 2247,3985 2238,3771 2074,3857 1942,3798 1556,3866 1337,3821 1060,3871 1001,3830"/>
                <Baseline points="1015,3966 1099,3954 1188,3954 1278,3954 1368,3948 1457,3942 1547,3936 1636,3924 1726,3924 1816,3918 1905,3918 1995,3918 2084,3913 2174,3913 2264,3907"/>
                <TextEquiv>
                    <Unicode>Ir red iſt gar ſwind</Unicode>
                </TextEquiv>
            </TextLine>
            <TextLine id="line_1733384910294_148" custom="readingOrder {index:23;} person {offset:6; length:4;}">
                <Coords points="1083,3985 1315,4026 1406,3985 1478,4035 1719,3953 1906,3967 1988,4026 2079,3967 2188,3954 2188,4147 2042,4121 1551,4162 1510,4130 1319,4194 1246,4144 992,4203 1001,4026"/>
                <Baseline points="1021,4145 1105,4134 1194,4128 1284,4128 1374,4122 1463,4110 1553,4110 1642,4104 1732,4098 1822,4104 1911,4092 2001,4092 2090,4086 2180,4080 2188,4079"/>
                <TextEquiv>
                    <Unicode>Herre got du Lind</Unicode>
                </TextEquiv>
            </TextLine>
            <TextLine id="line_1733384910294_147" custom="readingOrder {index:24;}">
                <Coords points="2188,3954 2197,3953 2261,3994 2411,3953 2488,3885 2716,3885 2702,4148 2493,4112 2265,4162 2188,4147"/>
                <Baseline points="2188,4079 2270,4074 2359,4068 2449,4068 2538,4068 2628,4068 2718,4074"/>
                <TextEquiv>
                    <Unicode>perait</Unicode>
                </TextEquiv>
            </TextLine>
            <TextLine id="r_tl_24" custom="readingOrder {index:25;} abbrev {offset:18; length:9;}">
                <Coords points="969,4367 1105,4399 1287,4321 1433,4362 1574,4276 2115,4303 2202,4262 2411,4371 2565,4312 2675,4349 2679,4135 2493,4112 2147,4176 1915,4121 1324,4189 1219,4148 973,4212"/>
                <Baseline points="997,4313 1069,4307 1158,4301 1248,4295 1338,4289 1427,4283 1517,4271 1607,4265 1696,4259 1786,4259 1875,4259 1965,4259 2055,4259 2144,4253 2234,4253 2323,4253 2413,4253 2503,4259 2592,4259 2682,4265"/>
                <TextEquiv>
                    <Unicode>Vnd ſich wie dein mentſch̅ iſt</Unicode>
                </TextEquiv>
            </TextLine>
            <TextLine id="r_tl_25" custom="readingOrder {index:26;}">
                <Coords points="969,4544 1183,4540 1324,4458 1610,4444 1906,4503 2001,4449 2152,4449 2206,4503 2293,4458 2470,4462 2470,4271 2384,4330 2206,4262 2111,4303 1551,4280 1437,4367 1283,4321 1155,4394 978,4367"/>
                <Baseline points="997,4480 1045,4474 1135,4462 1224,4456 1314,4450 1403,4438 1493,4438 1583,4432 1672,4432 1762,4426 1851,4426 1941,4420 2031,4420 2120,4426 2210,4420 2300,4420 2389,4420 2479,4420"/>
                <TextEquiv>
                    <Unicode>Von der natur plödichait</Unicode>
                </TextEquiv>
            </TextLine>
            <TextLine id="r_tl_26" custom="readingOrder {index:27;}">
                <Coords points="992,4685 1187,4649 1283,4694 1333,4649 1451,4667 1665,4603 1897,4685 2015,4603 2129,4662 2324,4626 2497,4662 2597,4603 2597,4481 2406,4449 2147,4521 2033,4471 1574,4494 1528,4449 996,4549"/>
                <Baseline points="1015,4635 1087,4635 1176,4623 1266,4611 1356,4611 1445,4605 1535,4605 1624,4605 1714,4600 1804,4600 1893,4600 1983,4600 2072,4594 2162,4594 2252,4594 2341,4594 2431,4594 2521,4594 2610,4600"/>
                <TextEquiv>
                    <Unicode>Es iſt alles nicht ein achuſt</Unicode>
                </TextEquiv>
            </TextLine>
            <TextLine id="r_tl_27" custom="readingOrder {index:28;}">
                <Coords points="1028,4863 1137,4872 1305,4803 1465,4854 1697,4772 1874,4790 1988,4854 2238,4781 2356,4858 2479,4803 2484,4644 2238,4626 2102,4672 1997,4626 1838,4699 1638,4667 1506,4717 1351,4649 1287,4694 1033,4685"/>
                <Baseline points="1051,4785 1057,4785 1147,4785 1236,4785 1326,4779 1415,4773 1505,4773 1595,4767 1684,4767 1774,4767 1863,4767 1953,4767 2043,4767 2132,4767 2222,4761 2311,4755 2401,4755 2491,4755"/>
                <TextEquiv>
                    <Unicode>Peſunder es macht geluſt</Unicode>
                </TextEquiv>
            </TextLine>
            <TextLine id="r_tl_28" custom="readingOrder {index:29;}">
                <Coords points="927,4979 1374,4995 1583,4949 1660,5004 1974,4981 2115,4926 2429,4999 2520,4922 2638,4963 2738,4926 2743,4740 2643,4753 2538,4835 2456,4803 2352,4858 2243,4785 2138,4854 1988,4854 1906,4794 1833,4831 1706,4772 1524,4858 927,4834"/>
                <Baseline points="917,4944 1224,4934 1314,4934 1403,4934 1493,4928 1583,4922 1672,4922 1762,4922 1851,4922 1941,4922 2031,4922 2120,4922 2210,4922 2300,4916 2389,4916 2479,4916 2568,4916 2658,4916 2748,4916"/>
                <TextEquiv>
                    <Unicode>DIe gerechtichait aber ſprach</Unicode>
                </TextEquiv>
            </TextLine>
            <TextLine id="r_tl_29" custom="readingOrder {index:30;}">
                <Coords points="1010,5208 1287,5181 1992,5222 2138,5176 2215,5222 2520,5227 2506,4944 2415,4995 2111,4926 1970,4981 1806,4967 1692,5031 1560,4958 1346,4999 1237,4963 1146,5008 1010,4944"/>
                <Baseline points="1033,5089 1099,5095 1188,5089 1278,5089 1368,5095 1457,5095 1547,5095 1636,5089 1726,5089 1816,5089 1905,5083 1995,5083 2084,5083 2174,5077 2264,5077 2353,5077 2443,5077 2532,5077"/>
                <TextEquiv>
                    <Unicode>der leib iſt der ſel dach</Unicode>
                </TextEquiv>
            </TextLine>
            <TextEquiv>
                <Unicode>Vnd ſecht wie vnlang wer
Der ſchön Lucifer
Wirt ſich mich geleichen
Vil gar vnnaturleichen
Er vnd ſein geſellen
Lant ſich die hochuart vellen
In rechter achuſt tun ſy das
Des tragent ſy ymmer meine̅ has
Auch adam von mir gemacht wirt
Der auch ſein vallen nicht v’pirt
Durch luſt durch rat er daʒ tut
Nu ſprecht was ewch daru̅b tuchkt
DIe gerechtichait möcht nu
gut
wol sprech̅
Herr er chan dir prechen
Vnd wirt dir vngehorſam
Du piſt ym wol von ſchulde̅ gram
Aber die parmhercʒichait
Was die red an rechtes lait
Sy ſprach genad her gut
Die gerechtichait hat veſte̅ mut
Ir red iſt gar ſwind
Herre got du Lind
perait
Vnd ſich wie dein mentſch̅ iſt
Von der natur plödichait
Es iſt alles nicht ein achuſt
Peſunder es macht geluſt
DIe gerechtichait aber ſprach
der leib iſt der ſel dach</Unicode>
            </TextEquiv>
        </TextRegion>
        <TextRegion id="r_2" custom="readingOrder {index:1;}">
            <Coords points="2874,667 5055,667 5055,5215 2874,5215"/>
            <TextLine id="r_2_tl_1" custom="readingOrder {index:0;} abbrev {offset:17; length:6;}">
                <Coords points="2920,878 3207,842 3257,887 3357,832 3493,882 3562,819 3612,869 3725,828 3812,873 4035,819 4176,882 4440,832 4499,878 4749,851 4872,928 5031,901 5035,614 4981,600 4603,587 4417,628 4353,591 4249,637 4062,605 3935,646 3721,555 3407,669 2925,646"/>
                <Baseline points="2945,848 2975,836 3064,830 3154,830 3243,824 3333,818 3423,812 3512,812 3602,818 3691,812 3781,806 3871,800 3960,800 4050,800 4140,800 4229,794 4319,800 4408,800 4498,800 4588,800 4677,794 4767,800 4856,800 4946,800 5036,800"/>
                <TextEquiv>
                    <Unicode>Vnd ſy ſein fraw dauo̅ ſol ſy in pewarn</Unicode>
                </TextEquiv>
            </TextLine>
            <TextLine id="r_2_tl_2" custom="readingOrder {index:1;}">
                <Coords points="2916,1028 3166,1055 3384,978 3662,996 3712,1037 3853,987 4021,1042 4299,983 4430,1042 4599,964 4763,983 4763,846 4713,842 4603,887 4426,851 4167,882 3944,832 3821,878 3725,828 3612,869 3553,828 3443,914 3252,887 3211,842 2916,873"/>
                <Baseline points="2939,991 2981,997 3070,991 3160,979 3249,973 3339,967 3429,967 3518,961 3608,961 3697,955 3787,955 3877,955 3966,955 4056,955 4145,949 4235,955 4325,949 4414,955 4504,955 4594,955 4683,949 4773,949"/>
                <TextEquiv>
                    <Unicode>Daʒ der leib icht chun miſſeuarn</Unicode>
                </TextEquiv>
            </TextLine>
            <TextLine id="r_2_tl_3" custom="readingOrder {index:2;}">
                <Coords points="2934,1164 3239,1196 3339,1146 3462,1201 3598,1142 4358,1183 4412,1137 4549,1196 4790,1151 4894,1183 4899,964 4849,951 4435,1042 4299,983 4021,1042 3844,992 3712,1037 3662,996 3384,978 3170,1055 2938,1033"/>
                <Baseline points="2957,1147 3022,1152 3112,1147 3202,1147 3291,1135 3381,1129 3470,1123 3560,1123 3650,1117 3739,1111 3829,1117 3918,1111 4008,1111 4098,1111 4187,1105 4277,1105 4367,1105 4456,1105 4546,1105 4635,1105 4725,1105 4815,1099 4904,1105"/>
                <TextEquiv>
                    <Unicode>Tut ſy deʒ nicht eʒ macheʒ wol ſein</Unicode>
                </TextEquiv>
            </TextLine>
            <TextLine id="r_2_tl_4" custom="readingOrder {index:3;}">
                <Coords points="2966,1337 3134,1360 3434,1296 3957,1351 4094,1292 4162,1328 4399,1278 4526,1337 4726,1292 4731,1196 4490,1169 4403,1224 4326,1155 3735,1178 3589,1146 3425,1237 3334,1164 3116,1242 2970,1160"/>
                <Baseline points="2993,1314 3034,1314 3124,1308 3214,1302 3303,1296 3393,1290 3482,1290 3572,1284 3662,1284 3751,1278 3841,1278 3930,1278 4020,1272 4110,1272 4199,1272 4289,1266 4378,1266 4468,1266 4558,1260 4647,1260 4737,1260"/>
                <TextEquiv>
                    <Unicode>Daʒ darumb leid ymmer pein</Unicode>
                </TextEquiv>
            </TextLine>
            <TextLine id="r_2_tl_5" custom="readingOrder {index:4;} abbrev {offset:20; length:10;} person {offset:30; length:3;}">
                <Coords points="2929,1514 3453,1515 3594,1460 3903,1492 3962,1456 4021,1501 4421,1469 4540,1537 4940,1456 4931,1269 4526,1337 4440,1278 4321,1315 4144,1292 3916,1356 3516,1301 3311,1392 2929,1369"/>
                <Baseline points="2937,1462 3249,1451 3339,1451 3429,1445 3518,1445 3608,1445 3697,1439 3787,1439 3877,1439 3966,1439 4056,1433 4145,1433 4235,1433 4325,1433 4414,1433 4504,1433 4594,1439 4683,1439 4773,1433 4862,1433 4952,1433"/>
                <TextEquiv>
                    <Unicode>DIe parmhercʒichait ſp’ch hr’ got</Unicode>
                </TextEquiv>
            </TextLine>
            <TextLine id="r_2_tl_6" custom="readingOrder {index:5;} unclear {offset:0; length:1;} abbrev {offset:13; length:7;}">
                <Coords points="3130,1683 3316,1642 3689,1665 3871,1606 3935,1665 4262,1601 4503,1674 4808,1678 4844,1674 4849,1497 4535,1533 4421,1487 4053,1469 4012,1506 3962,1456 3903,1497 3816,1456 3571,1469 3466,1551 3334,1492 3134,1528"/>
                <Baseline points="3154,1624 3243,1624 3333,1618 3423,1618 3512,1612 3602,1607 3691,1601 3781,1601 3871,1601 3960,1595 4050,1595 4140,1595 4229,1595 4319,1589 4408,1589 4498,1595 4588,1595 4677,1595 4767,1589 4856,1595"/>
                <TextEquiv>
                    <Unicode>Sel vnd leib habn̅t dein gepot</Unicode>
                </TextEquiv>
            </TextLine>
            <TextLine id="r_2_tl_7" custom="readingOrder {index:6;}">
                <Coords points="2929,1865 3193,1856 3457,1769 3603,1847 3930,1810 4185,1842 4189,1660 3944,1665 3876,1606 3503,1719 3325,1642 3180,1660 3093,1733 2938,1692"/>
                <Baseline points="2957,1822 3034,1792 3124,1792 3214,1780 3303,1780 3393,1774 3482,1768 3572,1762 3662,1762 3751,1756 3841,1756 3930,1756 4020,1756 4110,1750 4199,1750"/>
                <TextEquiv>
                    <Unicode>In lieber geſelleſchaſt</Unicode>
                </TextEquiv>
            </TextLine>
            <TextLine id="l" custom="readingOrder {index:7;}">
                <Coords points="2955,1885 3207,1901 3466,1765 3543,1838 3839,1870 3921,1815 4244,1847 4358,1756 4626,1747 4617,1988 4499,1956 4276,1992 4112,1947 4044,1997 3894,1942 3830,1992 3557,1965 3439,2015 3257,1974 2984,2070 2955,2066"/>
                <Baseline points="2955,1983 2957,1983 3016,1977 3106,1965 3196,1959 3285,1953 3375,1953 3464,1941 3554,1941 3644,1941 3733,1941 3823,1935 3913,1935 4002,1929 4092,1923 4181,1923 4271,1917 4361,1905 4450,1899 4540,1899 4629,1899"/>
                <TextEquiv>
                    <Unicode>Minnichleich in dem geſchaft</Unicode>
                </TextEquiv>
            </TextLine>
            <TextLine id="r_2_tl_8" custom="readingOrder {index:8;}">
                <Coords points="2984,2170 3348,2133 3480,2174 3571,2115 3844,2097 3967,2152 4235,2120 4289,2165 4353,2120 4558,2124 4562,1974 4499,1951 4276,1992 4112,1947 4053,1997 3889,1942 3830,1992 3766,1965 3603,2015 3289,1974 2989,2056"/>
                <Baseline points="3010,2138 3046,2132 3136,2126 3225,2120 3315,2114 3405,2108 3494,2102 3584,2096 3674,2096 3763,2090 3853,2090 3942,2084 4032,2090 4122,2084 4211,2078 4301,2072 4390,2067 4480,2067 4570,2078"/>
                <TextEquiv>
                    <Unicode>Ob durch lieb daʒ geſchicht</Unicode>
                </TextEquiv>
            </TextLine>
            <TextLine id="r_2_tl_9" custom="readingOrder {index:9;}">
                <Coords points="2957,2306 3070,2379 3189,2379 3280,2297 3498,2338 3566,2279 3744,2283 3835,2334 4112,2256 4180,2297 4262,2279 4471,2434 4562,2388 4631,2424 4640,2152 4508,2115 4289,2170 4239,2124 4053,2115 3916,2129 3835,2188 3557,2120 3480,2170 3102,2206 2957,2165"/>
                <Baseline points="2981,2300 3028,2294 3118,2288 3208,2282 3297,2270 3387,2270 3476,2264 3566,2258 3656,2258 3745,2252 3835,2252 3924,2252 4014,2246 4104,2246 4193,2246 4283,2240 4373,2246 4462,2246 4552,2246 4641,2252"/>
                <TextEquiv>
                    <Unicode>Daʒ ma̅ ſel dann volgen ſicht</Unicode>
                </TextEquiv>
            </TextLine>
            <TextLine id="r_2_tl_10" custom="readingOrder {index:10;}">
                <Coords points="2948,2497 3180,2534 3289,2479 3402,2506 3443,2465 3862,2411 3907,2447 4226,2456 4289,2424 4299,2297 4108,2256 3794,2347 3712,2297 3584,2347 3275,2302 3170,2379 3070,2379 2957,2311"/>
                <Baseline points="2975,2455 3052,2455 3142,2449 3231,2443 3321,2431 3411,2425 3500,2425 3590,2419 3680,2413 3769,2413 3859,2407 3948,2401 4038,2401 4128,2395 4217,2395 4307,2389"/>
                <TextEquiv>
                    <Unicode>Dem leib vnder weilen</Unicode>
                </TextEquiv>
            </TextLine>
            <TextLine id="r_2_tl_11" custom="readingOrder {index:11;}">
                <Coords points="2957,2638 3484,2684 3662,2597 3766,2597 4021,2684 4153,2625 4376,2666 4390,2424 4326,2402 4185,2465 3935,2429 3471,2461 3402,2506 3239,2488 3166,2534 3075,2484 2966,2497"/>
                <Baseline points="2987,2610 3046,2610 3136,2604 3225,2604 3315,2598 3405,2592 3494,2586 3584,2580 3674,2574 3763,2574 3853,2568 3942,2568 4032,2562 4122,2556 4211,2556 4301,2556 4390,2550"/>
                <TextEquiv>
                    <Unicode>Dein rach ſol nicht eylen</Unicode>
                </TextEquiv>
            </TextLine>
            <TextLine id="r_2_tl_12" custom="readingOrder {index:12;}">
                <Coords points="2957,2802 3052,2843 3261,2793 3471,2797 3543,2852 4135,2793 4326,2829 4330,2656 4226,2616 4030,2679 3657,2602 3393,2697 2966,2643"/>
                <Baseline points="2987,2795 2993,2789 3082,2789 3172,2783 3261,2771 3351,2765 3441,2760 3530,2760 3620,2754 3709,2748 3799,2748 3889,2748 3978,2742 4068,2742 4157,2742 4247,2742 4337,2736"/>
                <TextEquiv>
                    <Unicode>Das ſy verderben müſen</Unicode>
                </TextEquiv>
            </TextLine>
            <TextLine id="r_2_tl_13" custom="readingOrder {index:13;}">
                <Coords points="2952,3002 3057,3020 3130,2952 3202,3007 3284,2966 3439,3002 3639,2943 3885,2993 3980,2934 4071,2938 4135,3007 4312,3002 4440,2989 4521,2925 4635,2943 4640,2725 4590,2707 4276,2829 4135,2793 3957,2843 3293,2797 3152,2838 2957,2820"/>
                <Baseline points="2981,2945 3028,2945 3118,2939 3208,2927 3297,2921 3387,2915 3476,2915 3566,2909 3656,2903 3745,2903 3835,2903 3924,2909 4014,2909 4104,2897 4193,2903 4283,2909 4373,2903 4462,2909 4552,2903 4641,2915"/>
                <TextEquiv>
                    <Unicode>Du ſolt in getrawen ſy puſſen</Unicode>
                </TextEquiv>
            </TextLine>
            <TextLine id="r_2_tl_14" custom="readingOrder {index:14;}">
                <Coords points="2966,3143 3257,3161 3675,3089 3816,3148 4057,3139 4094,3102 4198,3143 4444,3098 4612,3166 4703,3116 4703,2979 4571,2948 4399,3011 4144,3007 4035,2934 3880,2998 3639,2943 3589,2989 3352,3002 3298,2961 3230,3011 3130,2952 3066,3016 2966,3002"/>
                <Baseline points="2993,3100 3010,3094 3100,3088 3190,3088 3279,3076 3369,3076 3458,3070 3548,3070 3638,3064 3727,3064 3817,3064 3907,3064 3996,3064 4086,3064 4175,3064 4265,3070 4355,3070 4444,3076 4534,3076 4623,3076 4713,3082"/>
                <TextEquiv>
                    <Unicode>Vnd ſy werden erledigt von dan</Unicode>
                </TextEquiv>
            </TextLine>
            <TextLine id="line_1733405949802_189" custom="readingOrder {index:15;}">
                <Coords points="2943,3130 3257,3161 3434,3125 3571,3166 3730,3093 3885,3161 4430,3098 4612,3161 4625,3154 4625,3288 4394,3225 4148,3307 3735,3275 3648,3334 3566,3261 3480,3261 3152,3330 2938,3316"/>
                <Baseline points="2969,3291 2987,3279 3076,3267 3166,3255 3255,3243 3345,3237 3435,3237 3524,3231 3614,3225 3703,3225 3793,3220 3883,3220 3972,3214 4062,3214 4151,3214 4241,3214 4331,3214 4420,3214 4510,3214 4600,3214 4625,3215"/>
                <TextEquiv>
                    <Unicode>Ob ſy dir wellent volgen dan</Unicode>
                </TextEquiv>
            </TextLine>
            <TextLine id="line_1733405949786_188" custom="readingOrder {index:16;}">
                <Coords points="4625,3154 4758,3093 4949,3084 4944,3252 4813,3248 4690,3307 4625,3288"/>
                <Baseline points="4625,3215 4689,3220 4779,3220 4868,3220 4958,3220"/>
                <TextEquiv>
                    <Unicode>wirt</Unicode>
                </TextEquiv>
            </TextLine>
            <TextLine id="r_2_tl_16" custom="readingOrder {index:17;} abbrev {offset:14; length:13;}">
                <Coords points="2957,3498 3025,3516 3130,3457 3243,3507 3412,3443 3684,3466 3853,3412 4185,3503 4417,3471 4626,3503 4813,3439 4894,3507 5026,3489 5026,3343 4558,3298 4476,3243 4185,3311 3976,3271 3653,3334 3557,3266 3453,3307 2957,3325"/>
                <Baseline points="2981,3441 3064,3441 3154,3435 3243,3429 3333,3417 3423,3417 3512,3411 3602,3405 3691,3399 3781,3399 3871,3399 3960,3399 4050,3399 4140,3393 4229,3393 4319,3405 4408,3399 4498,3405 4588,3405 4677,3411 4767,3405 4856,3405 4946,3405 5036,3405"/>
                <TextEquiv>
                    <Unicode>Durch die die vo̅ mentſch̅ noch geporn</Unicode>
                </TextEquiv>
            </TextLine>
            <TextLine id="r_2_tl_17" custom="readingOrder {index:18;} abbrev {offset:13; length:7;}">
                <Coords points="3034,3662 3357,3607 3498,3666 3716,3616 3785,3666 3903,3612 4080,3666 4176,3621 4371,3648 4594,3580 4599,3489 4167,3507 4098,3466 3957,3475 3848,3407 3684,3466 3439,3443 3039,3512"/>
                <Baseline points="3064,3620 3082,3620 3172,3614 3261,3602 3351,3596 3441,3590 3530,3584 3620,3584 3709,3578 3799,3578 3889,3578 3978,3578 4068,3572 4157,3572 4247,3572 4337,3560 4426,3560 4516,3560 4605,3560"/>
                <TextEquiv>
                    <Unicode>Vnd die dein liebn̅ ſun gepirt</Unicode>
                </TextEquiv>
            </TextLine>
            <TextLine id="r_2_tl_18" custom="readingOrder {index:19;}">
                <Coords points="2931,3809 3261,3775 3321,3821 3539,3766 3603,3812 3871,3757 3957,3830 4062,3780 4144,3830 4226,3794 4481,3812 4453,3625 4080,3666 3976,3612 3348,3684 2931,3681"/>
                <Baseline points="2947,3776 3231,3757 3321,3751 3411,3745 3500,3745 3590,3739 3680,3745 3769,3745 3859,3745 3948,3745 4038,3745 4128,3745 4217,3745 4307,3751 4396,3751 4486,3739"/>
                <TextEquiv>
                    <Unicode>Du got ſprach die mynn</Unicode>
                </TextEquiv>
            </TextLine>
            <TextLine id="r_2_tl_19" custom="readingOrder {index:20;}">
                <Coords points="3130,4012 3735,3935 3976,3939 4126,3998 4230,3962 4512,4030 4517,3825 4444,3848 4244,3789 4130,3839 4030,3794 3953,3830 3857,3757 3757,3807 3680,3775 3566,3839 3407,3780 3348,3839 3134,3835"/>
                <Baseline points="3160,3948 3178,3936 3267,3930 3357,3924 3447,3918 3536,3918 3626,3913 3715,3913 3805,3913 3895,3907 3984,3907 4074,3907 4163,3907 4253,3907 4343,3907 4432,3907 4522,3907"/>
                <TextEquiv>
                    <Unicode>In mynnichleichem ſinn</Unicode>
                </TextEquiv>
            </TextLine>
            <TextLine id="r_2_tl_20" custom="readingOrder {index:21;}">
                <Coords points="2952,4135 3116,4098 3357,4139 3425,4094 3543,4144 3762,4076 3944,4126 3998,4080 4449,4121 4449,4003 4108,4003 3953,3935 3821,3971 3730,3930 3530,3976 3475,3948 3207,4007 3043,3985 2952,4026"/>
                <Baseline points="2975,4086 3028,4080 3118,4080 3208,4074 3297,4074 3387,4074 3476,4074 3566,4068 3656,4068 3745,4062 3835,4062 3924,4068 4014,4068 4104,4068 4193,4068 4283,4062 4373,4068 4462,4068"/>
                <TextEquiv>
                    <Unicode>Durch mich ſoltu her mein</Unicode>
                </TextEquiv>
            </TextLine>
            <TextLine id="r_2_tl_21" custom="readingOrder {index:22;}">
                <Coords points="2957,4267 3180,4317 3439,4244 3530,4294 3725,4299 3789,4235 3998,4230 4089,4276 4267,4235 4662,4312 4708,4299 4713,4130 4471,4080 4403,4130 4335,4089 4148,4080 4098,4121 3998,4080 3871,4135 3757,4085 3216,4180 3070,4112 2961,4130"/>
                <Baseline points="2981,4247 3016,4253 3106,4247 3196,4247 3285,4235 3375,4235 3464,4229 3554,4223 3644,4217 3733,4217 3823,4217 3913,4217 4002,4211 4092,4217 4181,4217 4271,4223 4361,4223 4450,4229 4540,4229 4629,4235 4719,4235"/>
                <TextEquiv>
                    <Unicode>Dem mentſchen vil genedik ſein</Unicode>
                </TextEquiv>
            </TextLine>
            <TextLine id="r_2_tl_22" custom="readingOrder {index:23;}">
                <Coords points="2975,4435 3125,4485 3389,4412 3916,4453 4108,4376 4221,4426 4508,4453 4626,4408 4676,4458 4790,4458 4767,4235 4635,4326 4453,4280 4208,4321 3998,4249 3607,4330 3443,4308 3371,4249 3184,4317 3093,4271 2979,4294"/>
                <Baseline points="2998,4420 3004,4414 3094,4408 3184,4402 3273,4396 3363,4396 3453,4390 3542,4384 3632,4384 3721,4378 3811,4378 3901,4378 3990,4378 4080,4373 4169,4378 4259,4378 4349,4378 4438,4373 4528,4373 4617,4373 4707,4373 4797,4384"/>
                <TextEquiv>
                    <Unicode>Sich wie vns wechſt mit genücht</Unicode>
                </TextEquiv>
            </TextLine>
            <TextLine id="r_2_tl_23" custom="readingOrder {index:24;}">
                <Coords points="2979,4635 3798,4590 3916,4640 4458,4594 4667,4626 4672,4403 4640,4394 4508,4453 4258,4412 3976,4444 3389,4412 3125,4485 2984,4444"/>
                <Baseline points="3004,4576 3070,4582 3160,4576 3249,4570 3339,4564 3429,4564 3518,4558 3608,4558 3697,4552 3787,4546 3877,4546 3966,4546 4056,4546 4145,4546 4235,4546 4325,4552 4414,4546 4504,4552 4594,4552 4683,4552"/>
                <TextEquiv>
                    <Unicode>Noch aws mentſchleicher frucht</Unicode>
                </TextEquiv>
            </TextLine>
            <TextLine id="r_2_tl_24" custom="readingOrder {index:25;}">
                <Coords points="2966,4785 3348,4744 3703,4790 3785,4749 3971,4817 4239,4781 4239,4649 4167,4612 3894,4640 3835,4590 3707,4626 3434,4603 3293,4681 3130,4617 2966,4635"/>
                <Baseline points="2993,4755 2998,4755 3088,4743 3178,4743 3267,4743 3357,4737 3447,4737 3536,4737 3626,4731 3715,4731 3805,4731 3895,4737 3984,4737 4074,4737 4163,4743 4253,4743"/>
                <TextEquiv>
                    <Unicode>Vil manig edel plüm</Unicode>
                </TextEquiv>
            </TextLine>
            <TextLine id="r_2_tl_25" custom="readingOrder {index:26;}">
                <Coords points="2975,4944 3102,5013 3257,4985 3453,5022 3807,4926 4026,4990 4071,4981 4076,4835 3821,4785 3785,4744 3616,4785 3553,4844 3334,4785 2979,4776"/>
                <Baseline points="2998,4916 3010,4916 3100,4916 3190,4916 3279,4910 3369,4910 3458,4910 3548,4904 3638,4904 3727,4898 3817,4898 3907,4898 3996,4898 4086,4892"/>
                <TextEquiv>
                    <Unicode>Die luſtig cʒe küm</Unicode>
                </TextEquiv>
            </TextLine>
            <TextLine id="r_2_tl_26" custom="readingOrder {index:27;}">
                <Coords points="2961,5163 3016,5140 3216,5199 3311,5163 3366,5199 3885,5158 4039,5213 4126,5149 4462,5199 4462,4904 4358,4872 4212,4872 3944,4990 3798,4931 3630,5008 3102,5013 2961,4949"/>
                <Baseline points="2987,5089 3040,5089 3130,5083 3220,5077 3309,5083 3399,5077 3488,5077 3578,5071 3668,5071 3757,5071 3847,5065 3936,5065 4026,5065 4116,5071 4205,5071 4295,5071 4384,5077 4474,5083"/>
                <TextEquiv>
                    <Unicode>Dir cʒymet in dem garten</Unicode>
                </TextEquiv>
            </TextLine>
            <TextEquiv>
                <Unicode>Vnd ſy ſein fraw dauo̅ ſol ſy im pewarn
Daʒ der leib icht chun miſſeuarn
Tut ſy deʒ nicht eʒ machcʒ wol ſein
Daʒ darumb leid ymmer pein
DIe parmhercʒichait ſp’ch hr’ got
Sel vnd leib habn̅t dein gepot
In lieber geſelleſchaſt
Minnichleich in dem geſchaft
Ob durch lieb daʒ geſchicht
Daʒ ma̅ ſel dann volgen ſicht
Dem leib vnder weilen
Dein rach ſol nicht eylen
Das ſy verderben müſen
Du ſolt in getrawen ſy puſſen
Vnd ſy werden erledigt von dan
Ob ſy dir wellent volgen dan
wirt
Durch die die vo̅ mentſch̅ noch geporn
Vnd die dein liebn̅ ſun gepirt
Du got ſprach die mynn
In mynnichleichem ſinn
Durch mich ſoltu her mein
Dem mentſchen vil genedik ſein
Sich wie vns wechſt mit genücht
Noch aws mentſchleicher frucht
Vil manig edel plüm
Die luſtig cʒe küm
Dir cʒymet in dem garten</Unicode>
            </TextEquiv>
        </TextRegion>
    </Page>
</PcGts>
