5141 5972
692 602 2359 845 Dein trew wil ich dir cʒaigen
670 790 2336 1056 Du wirdeſt nymmer aygen
685 948 2355 1235 Darcʒu hab dir die ſeld mein
685 1134 2258 1346 Daʒ got dein phleger mus
692 1301 2508 1522 Vnd alles daʒ ich yendert han
739 1470 2461 1680 Daʒ mus dir weſen vndertan
670 1622 2477 1887 Wider den dritten ſun er ſpʼch
736 1793 2233 2044 Da er in vor im ſten ſach
734 1964 2167 2218 Japhet lieber ſun mein
715 2157 2550 2376 Mit frewde̅ muſtu ymer ſein
703 2294 2303 2515 Das haſtu verdient wol
708 2457 2534 2698 Dein leib ſey gancʒer trew̅ vol
703 2649 2574 2863 Von hinne̅ vncʒ an de̅ leſte̅ tag
722 2804 2503 3039 Mit ern ich daʒ ſprechen mag
739 2981 2508 3216 Er ſprach du ſolt ern phlegen
722 3138 2611 3392 Wann ich wil ern vil an dich lege̅
734 3289 2451 3538 Vnd wil dir ſegen daʒ ſwert
692 3456 2496 3693 Wann du piſt aller ern wert
722 3620 2273 3842 Do er den ſegen do enphie
703 3792 2496 4013 Dem vater er vor mit ern gie
715 3933 2400 4199 Der ſprach cʒu ym vil ſchone
758 4091 2063 4340 Sun ſo dir got lone
674 4244 2440 4508 SEid die er nu an dir leit
1007 4366 2534 4670 So ſaltu deines prud’ weib
708 4576 2164 4818 Vnd ir chlain chindlein
748 4714 2552 4976 Mit trewen lan enpholhen ſei̅
760 4912 2487 5199 Mit trewn ſoltu in pey geſten
2696 2818 4486 3068 So chan ewch ny̅mer miſſege̅
2703 2974 4369 3209 Douon gewinnet ir ern vil
2710 3134 4319 3345 Darumb ich got piten wil
2701 3237 4472 3536 Daʒ habt ir paid verdient wol
2679 3437 4470 3698 Wann ewr leib iſt trewe̅ vol
2710 3618 4326 3872 Japhet was der erſt man
2715 3820 4484 4039 Der Ritters namen ye gewan
2717 3962 4604 4204 Sein vater geſegent ym das ſw’t
2689 4138 4547 4378 Wann er was aller ern wert
2689 4300 4524 4559 DOch der welt ein pidʼman
2962 4456 4630 4726 Den erſte̅ weingarte̅ gewan
2710 4627 4451 4870 Vnd phlancʒet die ſtok dar ein
2722 4790 4427 4999 Das was nicht ein chrauk ſin
2730 4926 4423 5180 Darnach im das alter gepot
