5141 5972
683 635 2240 863 Von den grimigen nöten
678 807 2316 1007 Daʒ er vns nicht lieʒ töten
691 954 2397 1174 Do die welt vil gar cʒergie
714 1124 2395 1326 Mit armen er vns vmbe vie
714 1253 2552 1483 Vnd weiſet vns in die arch drat
696 1423 2179 1640 Als er vns pehütet hat
691 1574 2405 1787 Da mus ich im gedenken an
688 1726 2473 1949 Die weil vnd ich daʒ leben han
726 1886 2586 2103 Ich ſag dir werleich prud’ mei̅
716 2053 2352 2258 Du ſolt des gar gewis ſein
691 2187 2379 2443 Den ſpot den du haſt getan
714 2349 2438 2572 Der mus dir cʒeſchaden gan
716 2483 2400 2726 Daʒ wais ich ſicherleich wol
714 2650 2481 2896 Seid daʒ dein leib iſt neides vol
732 2827 2453 3060 Der dritt pruder cham getan
719 2982 2187 3220 Hin für ſein vater ſtan
737 3134 2263 3405 Japhet ſo was er genant
732 3283 2587 3564 Sein tugent cʒieret wol ein la̅t
732 3448 2303 3698 Do er den vater ligen ſach
737 3554 2496 3880 Wider ſeinen pruder er do ſp’ch
759 3779 2303 4020 Ham lieber pruder mein
744 3928 2587 4189 Mein vater mag wol krank ſei̅
732 4096 2233 4334 Das iſt nu hie geſchehen
757 4255 2544 4503 Er iſt vil mud deʒ mus ich iehe̅
696 4394 2514 4701 DEs antwurt iaphet cʒeha̅t
911 4564 2683 4809 Mein prud’ cham hat ſich geſcha̅t
767 4721 2552 4949 An meinem vater der hie leit
767 4888 2141 5088 Douon ſol er chain cʒeit
754 4992 2501 5295 Erber wen er ſeld vnd gute
2650 595 4539 828 Mein vater leit in meiner hute
2650 770 4318 987 Sprach der drit ſun Iaphet
2658 914 4539 1149 Wann alle mein frewd an im ſtet
2673 1066 4331 1286 Er pegund in deken cʒehant
2665 1207 4521 1448 Er ſprach mir iſt dtʒ wol peka̅t̅
2665 1377 4161 1602 Daʒ diſer leib iſt ern vol
2686 1531 4182 1754 Dauon geuellet mir wol
2670 1683 4202 1939 Daʒ du lieber pruder mein
2688 1858 4123 2060 Sicʒeſt an die ſeite̅ ſein
2703 1949 4556 2248 Wann wir von recht ſein phlege̅
2686 2172 4549 2382 Ich wil mich anderthalben legen
2668 2321 4384 2539 Vnd wil ſein phlegen alſo wol
2686 2473 4493 2683 Als ich ſein von recht pſlege̅ ſol
2673 2627 4521 2855 Vnd wil ſein huten auf de̅ tag
2673 2777 4559 3025 Daʒ ich von ſchulden ſpreche̅ mag
2696 2949 4273 3200 Er ſey von ſeiner chrankait
2698 3103 4334 3354 Chomen wol mit ſicherhait
2688 3265 4209 3539 Do ſprach es ſein der gute
2703 3437 4293 3675 Daʒ iſt mir nicht cʒemute
2668 3569 4164 3840 Der dritt pruder cham
2701 3736 4136 3969 Die red von ym vernam
2716 3891 4172 4118 Cʒe hant er von in cherte
2688 4020 4083 4278 Als in ſein hercʒ lerte
2698 4179 4374 4407 Auf ein haid die was prait
2716 4349 4445 4566 Vnd ward ym an maʒʒen lait
2751 4511 4551 4733 Er ſprach awe mir arme̅ man
2739 4663 4425 4888 Daʒ ich ſo ſer geſundet han
2708 4822 4536 5022 An dem getrewen vater mein
2696 4898 4731 5194 Des mueʒ mein hercʒ trawrig ſein
