5238 5972
674 500 2366 772 Die gab die ich von dir han
700 698 2409 920 Du haſt vil wol an mir getan
913 832 2490 1111 Die tochter cʒu de̅ vater ſprach
817 1013 2553 1245 Noch han ich ein̅e̅ vngemach
686 1159 2412 1379 Daʒ ich den rok ſich offen ſtan
674 1293 2294 1534 Den ich dir ſelb gegeben han
662 1467 2340 1690 Darcʒu die paiden ſeite̅ dein
674 1632 2447 1850 Daʒ get mir an daʒ hercʒ mein
679 1776 2280 2029 deʒ han ich funden ain̅e̅ liſt
672 1945 2223 2170 Ia wen ich er dir gut iſt
686 2084 2397 2321 Sy gie da ſy ir ſpindeln vant
676 2230 2445 2462 Vnd net ym cʒu den rok cʒehāt
686 2409 2397 2619 Daʒ daucht in ein ſelig wart
674 2555 2364 2780 Daʒ ſein rok da gancʒ ward
679 2651 2591 2959 Den liſt man dannach nicht envāt
660 2854 2521 3100 Daʒ ma̅ die arm vnd an die ha̅t
688 3004 2285 3250 Deket mit dem ſelbn̅ tüch
707 3176 2512 3442 Er het auch do chainen ſchuech
946 3310 2402 3540 DO vnſer vater her adam
805 3477 2469 3712 Den erſten rok an ſich nam
648 3642 2445 3867 Gegen der tochter er do ſprach
691 3834 2431 4044 Du haſt mir mein vngemach
691 3946 2294 4175 Tochter ein tail penomen
674 4104 2591 4338 Seyd du mir piſt cʒu ſtate̅ kome̅
679 4261 2330 4493 Daʒ ich deken ſol mein ſcham
698 4433 2032 4665 Alſo ſprach her adam
641 4601 2364 4816 Sich liebew tochter diſe wat
679 4754 2366 4986 Wie recht wol ſy mir an ſtat
691 4919 2447 5138 Daʒ han ich vo̅ de̅ trewen dein
695 5069 2244 5339 So du ſelig müſſiſt ſein
2651 509 3881 717 So dir ſelb lieb ſey
2639 672 3960 884 Alle frewd ſey dir pey
2737 810 4218 1037 DO die tochter do erhort
2763 975 4302 1171 Des vater getrew wort
2698 1099 4376 1350 Si ſprach vater gehab dich wol
2655 1269 4147 1491 Ich gib dir als ich tun ſol
2667 1439 4163 1647 Ein gut tüch von wolle
2662 1520 4326 1795 Deʒ mus ſein ein gut knolle
2651 1728 4242 1941 Daʒ ſchir ich ab den ſchaffen
2631 1874 4374 2106 Ich wil deſter mynner ſlaffen
2648 2017 4419 2256 Vnd wil auch nicht erwinden
2648 2173 4025 2373 Ich geb deinen chinden
2665 2333 4113 2538 Vnd auch dir gut chlait
2665 2469 4374 2686 Deʒ pin ich dir werleich perait
2949 2629 4340 2846 DO ſprach adam der gut
2823 2787 4445 2997 Got hab dich in ſeiner hut
2653 2935 4242 3138 Daʒ du mich alſo deken wil
2691 3088 4075 3284 Ich han von dir ern vil
2662 3234 4304 3430 Vnd dar cʒu die chind mein
2667 3372 4113 3599 Süllen dir diemmde ſein
2665 3516 4278 3721 Wann got durch ſein gute
2665 3690 4039 3893 Dir ſel vnd leib behüte
2770 3826 4400 4044 ADams ſun der fünft va̅t̅
2935 3994 4338 4233 Iohel ſo was er genant
2679 4139 4010 4374 Daʒ er vnd ſein weibe
2679 4292 4128 4527 Pawet mit ſeinem leibe
2662 4462 4543 4692 Ein ſchön haws deʒ mus ich iehe̅
2655 4608 4519 4828 Wann vor chaines ward geſehen
2648 4763 4359 4995 Deʒ wurden ſein prüder vro
2667 4914 4474 5119 Daʒ er den fund het funden do
2653 5062 4280 5313 Deʒ wurden ſy wol gemüte
