5238 5972
740 2514 2258 2744 Durch einen groſen walde
758 2679 2539 2898 Vncʒ daʒ er chom mit groſer not
710 2803 2414 3036 Do vand er ſeinen vater tot
722 2957 2430 3199 Als ym der engel het geſait
758 3120 2421 3349 Daʒ was die gancʒ warhait
679 3290 2412 3514 Als er den vater toten vand
708 3448 2353 3670 Seinen leichn̅a̅ er cʒchand
747 3611 2462 3835 Nam vnd peſtatet in an dʼ ſtat
758 3778 2373 4000 Recht als in ſein wille pat
701 3930 2140 4177 In ein tal daʒ er do vand
729 4113 2296 4335 Daʒ was caluarie genant
740 4269 2206 4502 Do er do in der erden lag
753 4421 2072 4697 Paide nacht vnd tag
738 4566 2523 4821 Do ward er aws pegraben ſider
719 4774 2183 5005 Vnd ſchon peſtatet wider
710 4955 2204 5161 Wann auch ſein gepaine
756 5095 2063 5344 Ward alles gemaine
2699 2471 3819 2679 Gefürt in ebdon
2704 2620 4231 2839 Vnd ward auch da peſtatet
2679 2767 4222 2975 Wann es gotes will was
2674 2914 4342 3134 Als ich es in dem puch las
2686 3082 4428 3308 Wann von dem ſelben erdreich
2672 3235 4258 3473 Het in got gar ſicherleich
2665 3414 4362 3625 Gemacht mit ſein ſelbs hant
2713 3552 3894 3769 Der vil ſueʒ hailant
2740 3724 4134 3941 Cʒu dem ſelben erdreich
2708 3864 4240 4109 Muſt er werden ſicherleich
2710 4043 4163 4231 Do mus er an alle wende
2751 4172 4111 4410 Erpeiten der vrſtende
2751 4353 4242 4588 Ich wil ew paʒ peſchaiden
2710 4534 4091 4724 Adam was ein haiden
2697 4663 4516 4910 Sein ſel muſt auch leide̅ ſcham
2699 4812 4020 5050 Vmb ſein vngehorſam
2740 4959 4514 5186 Wann ſy cʒehelle muſten varn
2717 5120 4484 5353 Deʒ macht ſy ſich nicht bewarn
