5348 6055
696 667 1934 889 Dauon dir die cʒarten
691 829 2035 1019 Werdent wol gecʒieret
701 988 2413 1188 Ir chunſt mich vaſt an ſwiret
928 1113 2309 1303 Nu rat heben was ich tu
876 1251 2385 1480 Got ſprach den tugenden ʒu
691 1410 2374 1629 Wann ir habt alle wol gehört
691 1546 2046 1783 Der gerechtichait wört
678 1723 2406 1955 Vnd waʒ die parmhercʒichait
678 1890 1942 2119 Pitund hin wider ſait
701 2077 2512 2286 Vnd waʒ die mynn geſproche̅ hat
691 2234 2486 2450 Darumb ſagt auch den ewrn rat
683 2385 2369 2617 Sy ſprachen herr dir iſt chunt
672 2536 2202 2757 Gar aller weiſhait grunt
701 2684 2280 2919 Vor dir nicht verporgen iſt
701 2846 2184 3070 Wir piten deiner güt liſt
701 3010 2082 3258 Das ewichleich icht ſterb
688 3169 2346 3456 Das mentſch vnd icht verderb
696 3331 2720 3560 Got ſprach ee daʒ durch mein̅ cʒorn
877 3501 2610 3658 der mentsch ymm’ werd v’lorn
719 3631 2088 3862 Ee wil ich meinen geben
675 3792 2174 4027 An ſich mentſchleichs leben
706 3972 2093 4180 Daʒ in ain magt gepirt
696 4105 2447 4334 Dauon daʒ menſch geedelt wirt
678 4279 2664 4514 Sein mentſchait prudert ſich mit in
691 4423 2408 4652 Ich chauff ſy wider auf gewin
701 4582 2512 4809 Er ſol auch ſein raines laut’ lebn̅
696 4741 2393 4965 Fur den tod des mentſchen gebn̅
685 4882 2226 5111 Sein lauter vnſchulter tod
701 5040 2484 5278 Des mentſchen wol v’ſchultew not
665 5184 2411 5426 Weſcht die ab daʒ tut ſein plut
2671 639 4209 912 Es iſt ſo tewr vnd ſo gut
2661 834 4201 1042 Daʒ ſein aines trophen vnd
2671 980 3909 1188 Wol ableſcht alle ſünd
2666 1131 4543 1347 Die an dem mentſchen wirt erka̅t
2611 1241 4238 1467 In hayler ſo wirt er genant
2638 1389 4433 1603 Jch ſend in von mir hin nyder
2666 1530 4483 1736 Vmb daʒ er mir daʒ mentſch wid’
2684 1676 3912 1892 Chauff gar cʒe chinde
2624 1804 4058 2067 Alſo ſüll wir das geſind
2682 1955 4483 2181 Mit vnſerm gaiſt gar pegieſen
2643 2108 4037 2348 Das in ſi alſo ſol flieſen
2635 2252 4355 2479 Daʒ von irm leib wirt geſait
2638 2398 3771 2653 Unſer driuältichait
2671 2541 4378 2755 Got macht wol an der ſtu̅d
2721 2661 4605 2898 Spreche̅ mit ſeines geiſtes mu̅d
2648 2810 4746 3068 Nu ſprecht mir hie auch vmb ein recht
2669 2958 4332 3214 Ob ſich meiner werk chnecht
2682 3130 4097 3372 Mir in anualt iſt verlorn
2690 3273 4282 3472 Ob mir darumb iſt ſo cʒorn
2656 3427 4337 3662 Daʒ ich ym ſluch piʒ in den tod
2656 3571 4339 3808 Solt ymmer werden diſe not
2640 3730 4152 3951 So müſt ich an chnecht ſein
2661 3881 4587 4102 Chauff ich in aber wider ſo iſt er mei̅
2624 4032 4352 4246 Ich gib vmb in ain peſſer gut
2635 4188 4061 4394 Das iſt meins ſuns plut
2606 4264 4480 4527 Dar umb ſagt mir auch ein recht
2638 4462 4621 4712 Sy ſprachent herr dein red iſt ſlecht
2640 4639 4157 4858 Dein götleicher weiſer rat
2635 4751 4553 4981 Den chrieg hie wol peſchaiden hat
2611 4902 4272 5132 Als du geſprochen haſt daʒ tu
2653 5103 4233 5327 Nicht mer ſprach in got ʒu
