5041 5991
634 584 2248 864 Das es daʒ opher ſelt ſein
817 802 2203 1037 ABraham do aber ſprach
726 957 2286 1194 Aws groſſem vngemach
598 1144 2101 1334 Sun ge wir an die ſtat
655 1270 2255 1491 Da vns got hin gepoten hat
636 1403 2167 1650 Da mit giengen ſy payde
660 1588 2243 1792 Für ein holcʒ auf ein haide
636 1714 2208 1935 Da ſprach yſaac das chind
631 1863 2303 2115 Hie ſchadet vns chain wind
648 2032 2466 2284 Hie mach ich fewr trag holcʒ h'cʒu
643 2200 2322 2419 Sag mir wa iſt daʒ opher nu
643 2374 2172 2592 Do ſprach der heylig man
624 2526 2312 2756 Ja ſol es auf dem perg ergan
631 2699 2324 2901 Als es vns got gepoten hat
620 2860 2483 3067 Genk her ee es vns werd cʒeſpat
608 3027 1871 3238 Do der gut abraham
610 3174 1852 3416 Auf den perch chom
641 3345 2165 3575 Er ſprach lieber ſun yſaac
598 3506 2329 3755 Ich ſich hewt ain laidigen tag
624 3644 2386 3898 Du piſt mir lieb vor alle̅ chinde̅
646 3829 2165 4057 Deim hende mus ich pinden
610 3964 2476 4211 Vnd mus dich got cʒeopher gebe̅
612 4133 2371 4368 Got tail mit dir ſeinen ſegen
601 4323 2288 4548 Das chind iemerleich ſprach
612 4475 2400 4714 Do es vernam dein vngemach
589 4667 2025 4876 Nayn lieber vater mein
584 4812 2146 5025 La es ein ander opher ſein
612 4878 2523 5196 Du haſt doch ſchönes vihes genük
2649 650 4446 909 Der doch noch nye chains truk
2673 831 4346 1037 Der gib ym aines oder cʒway
2663 978 4408 1201 Er nem für mich ein henn̅e̅ ay
2673 1111 4470 1336 Vil trawrig was abraha̅s mut
2654 1270 4541 1484 Er ſprach ſolt ich dich mit de̅ gut
2642 1422 4285 1640 Loſen das ich gehaben mach
2616 1564 3945 1783 Vil liebes chind yſaac
2649 1728 4410 1939 Daʒ wolt ich alles fur dich geben
2635 1878 4434 2117 Ich loſt dich mit mein ſelbs leben
2623 2020 4221 2253 Die hend pegund er winden
2635 2174 4287 2428 Daʒ chind pegund er pinden
2635 2338 4446 2549 Mit manige̅ groſſe̅ cʒaher gros
2606 2511 4418 2716 Das waſſer im von den auge̅ dos
2604 2654 4342 2860 Vil travrns er vmb in gewan
2618 2787 4202 3027 Daʒ chint rüſt den vater an
2609 2934 3962 3159 Aws trawrigem müte
2609 3067 4391 3316 Es ſprach vater mein vil gute
2580 3226 4275 3473 Due an mir dein gnad ſchein
2597 3378 4292 3618 Vnd ſich den vngemach mein
2609 3535 4282 3784 Den ich von deinen ſchulden dol
2628 3670 4244 3950 Mein leib iſt alles iamers vol
2561 3845 3829 4078 Gedenk vater dar an
2613 4012 3917 4251 Das muter ye gewan
2623 4116 4202 4384 Chain chind wann mich aine
2616 4292 3933 4527 Mein müter alſo raine
2606 4427 4323 4650 Verderbet ſich vmb mein̅e̅ leib
2580 4581 3926 4790 Nu er an mir alle weib
2587 4740 4268 4966 Du ſolt mich des genieſſen lan
2623 4880 4213 5068 Daʒ ich dir ye was vndertan
2571 4999 4394 5279 Vnd deinen willen nye cʒeprach
