5144 7613
1397 964 3146 1037 Die an ʒuchten ſo gar ſind plint
1415 1125 2967 1205 Das ein edel man ſein chind
1421 1316 2740 1408 Mocht vil noch alſo gern
1391 1513 3009 1587 Von ym ſenden yn ein tauern
1397 1704 3045 1772 Als ʒu dem herrn̅ der geſinde
1349 1895 3260 1969 Nach vntʒüchten trachten ſwinde
1379 2074 3069 2160 Phaffen furſten main ich nicht
1391 2265 3260 2357 Pey den nyemant vntʒucht ſiecht
1403 2450 3373 2560 Die ſehen geſchriben vnd wiʒʒn̅ wol
1427 2659 3110 2727 Was man tun oder laʒʒen ſchol
1439 2844 3349 2924 Welch Stat ſtend auf hohen pergen
1403 3036 3349 3121 Die mügen ſich vnſanfft verpergen
1456 3227 3295 3312 Welhe menſch in hohen würden ſtet
1409 3412 3212 3498 Des wartet die welt wo er get
1409 3597 3254 3701 Dauon ʒympt allen herrn̅ wol
1415 3788 3140 3880 Das ir hertʒ werd tugent vol
1433 3973 3624 4077 Wann rainew werch vnd raynew wort
1427 4158 3003 4232 Preͣcht in ſelden vnd ern hort
1450 4343 3278 4405 Scholten ſy lang auf erden leben
1444 4534 3558 4602 So mochten ſy gern nach ern ſtreben
1421 4725 3696 4823 Des leben auf erden ʒweyuel iſt gewegn̅
1439 4922 3409 5020 Der scholt vil guter witʒe phlegen
1433 5125 3457 5217 Wenn weltleich er iſt ſchir gelegen
1397 5316 3295 5414 Pey got iſt ewiger eren ſegen
1433 5525 2967 5599 Pistu weis ſo verricht got
1433 5722 3236 5784 Vnd pehalt mit vleis ſein gepot
1421 5908 3493 5970 Des iſt ein yegleich menſch ſchuldig
