5194 7560
919 848 2346 987 Das ſy mit frewden alten
1021 1009 2352 1154 Vnd leib vnd ſel wehalten
1457 1456 2979 1648 Doch hat der hochuertig dorn
1313 1641 2985 1821 manigen aſt von dem verlorn
991 1872 2328 2061 Laider manigen ſel wirt
997 2034 2382 2210 Die mit willen ye verpirt
1033 2228 2305 2399 Hochfart leit an ſchone
1027 2377 2316 2560 Hochfart leit an ſchande
1027 2543 2334 2741 Hochuart leit an gedone
1027 2716 2394 2932 Hochuart leit an chunſten
1045 2890 2406 3117 Hochuart leit an gunſten
1050 3086 2305 3290 Hochuart leit an reiten
1045 3250 2358 3463 Hochuart leit an ſtreiten
1056 3415 2561 3648 Hochuart leit an ritterſchafft
1056 3582 2681 3822 Hochuart leit an maiſterſchafft
1062 3773 2633 4001 Hochuart leit an leiſen tuten
1050 3953 2681 4174 Hochuart leit an weiſen ſyten
1062 4137 2603 4347 Hochuart die chel auf rekken
1056 4328 2615 4517 Hochuart nympt lob vor got
1062 4490 2806 4717 Hochuart durch ruem get in tot
1056 4669 2657 4890 Hochuart iſt an tugenten lam
1050 4842 2926 5076 Hochuart iſt gueten lewten gram
1080 5057 2669 5273 Hochuart chan luſtleich ſehen
1086 5254 2687 5458 Hochuart chan poſſleich ſpehen
1074 5409 2967 5631 Hochuart lauʒʒt in maniger chappen
1080 5577 3069 5834 Hochuar wont pey manigen chnappen
