<?xml version="1.0" encoding="UTF-8" standalone="yes"?>
<PcGts xmlns="http://schema.primaresearch.org/PAGE/gts/pagecontent/2013-07-15" xmlns:xsi="http://www.w3.org/2001/XMLSchema-instance" xsi:schemaLocation="http://schema.primaresearch.org/PAGE/gts/pagecontent/2013-07-15 http://schema.primaresearch.org/PAGE/gts/pagecontent/2013-07-15/pagecontent.xsd">
    <Metadata>
        <Creator>prov=READ-COOP:name=PyLaia@TranskribusPlatform:version=2.19.0:model_id=42143:lm=none:date=30_11_2024_22:11</Creator>
        <Created>2024-11-08T12:45:55.035+01:00</Created>
        <LastChange>2024-12-18T15:48:29.161+01:00</LastChange>
        <TranskribusMetadata docId="5062960" pageId="82721617" pageNr="116" tsid="213495826" status="DONE" userId="288590" imgUrl="https://files.transkribus.eu/Get?id=SEXAPTKGEVFTUAEJYRIBWOAZ&amp;fileType=view" xmlUrl="https://files.transkribus.eu/Get?id=LNGBAXZSSLNLHUYUFQCWZAPH" imageId="68066730"/>
    </Metadata>
    <Page imageFilename="Renner Cod. 2810-0116.jpeg" imageWidth="5103" imageHeight="7634">
        <ReadingOrder>
            <OrderedGroup id="ro_1734603016823" caption="Regions reading order">
                <RegionRefIndexed index="0" regionRef="tr_1"/>
            </OrderedGroup>
        </ReadingOrder>
        <TextRegion orientation="0.0" id="tr_1" custom="readingOrder {index:0;}">
            <Coords points="627,983 627,6004 2562,6004 2562,983"/>
            <TextLine id="tr_1_tl_1" custom="readingOrder {index:0;}">
                <Coords points="673,1076 807,1118 956,1094 1017,1139 1071,1106 1189,1170 1382,1106 1662,1144 1768,1087 1965,1135 2015,1099 2083,1146 2394,1085 2396,984 1641,963 1403,836 1184,937 676,854"/>
                <Baseline points="686,1069 771,1073 857,1075 943,1079 1029,1081 1114,1085 1200,1087 1286,1087 1372,1090 1457,1093 1543,1090 1629,1087 1715,1087 1800,1087 1886,1085 1972,1081 2058,1080 2143,1074 2229,1069 2315,1062 2401,1051"/>
                <TextEquiv>
                    <Unicode>Der ſtoltʒ grill nicht anders gert</Unicode>
                </TextEquiv>
            </TextLine>
            <TextLine id="tr_1_tl_2" custom="readingOrder {index:1;}">
                <Coords points="666,1233 1408,1236 1528,1299 1810,1240 2001,1302 2351,1299 2429,1231 2559,1224 2561,1057 2519,1050 2022,1160 1384,1109 1205,1172 1073,1104 1012,1153 845,1153 739,1064 668,1080"/>
                <Baseline points="680,1206 774,1218 868,1219 962,1224 1056,1225 1150,1230 1244,1230 1338,1230 1432,1230 1526,1230 1621,1230 1715,1230 1809,1230 1903,1226 1997,1224 2091,1220 2185,1213 2279,1207 2373,1206 2467,1206 2562,1212"/>
                <TextEquiv>
                    <Unicode>Dann daʒ er laufft vnd springt ſnel</Unicode>
                </TextEquiv>
            </TextLine>
            <TextLine id="tr_1_tl_3" custom="readingOrder {index:2;}">
                <Coords points="666,1389 812,1433 1029,1396 1233,1473 1292,1424 1488,1400 1659,1445 1932,1382 2062,1424 2387,1408 2471,1370 2474,1222 2351,1299 2123,1278 2022,1313 1796,1240 1617,1304 1342,1273 1233,1323 1045,1271 920,1306 668,1233"/>
                <Baseline points="680,1373 769,1378 859,1379 949,1385 1039,1385 1129,1391 1219,1385 1309,1385 1399,1385 1489,1385 1579,1385 1668,1385 1758,1379 1848,1373 1938,1373 2028,1373 2118,1367 2208,1367 2298,1355 2388,1349 2478,1344"/>
                <TextEquiv>
                    <Unicode>Durich puſch durich prennen grill</Unicode>
                </TextEquiv>
            </TextLine>
            <TextLine id="tr_1_tl_4" custom="readingOrder {index:3;}">
                <Coords points="673,1530 887,1582 1363,1561 1546,1610 2012,1539 2012,1410 1895,1403 1683,1478 1469,1419 1280,1433 1182,1488 1066,1426 1029,1455 901,1412 821,1452 673,1400"/>
                <Baseline points="686,1523 752,1532 819,1538 885,1542 952,1547 1019,1547 1085,1550 1152,1552 1219,1547 1285,1547 1352,1547 1419,1547 1485,1547 1552,1547 1619,1545 1685,1541 1752,1541 1819,1537 1885,1533 1952,1528 2019,1523"/>
                <TextEquiv>
                    <Unicode>Vnd übet di hechten haide</Unicode>
                </TextEquiv>
            </TextLine>
            <TextLine id="tr_1_tl_5" custom="readingOrder {index:4;} abbrev {offset:16; length:4;expansion:rtzen;}">
                <Coords points="657,1709 869,1716 1102,1810 1210,1730 1452,1763 1492,1732 1612,1782 2036,1718 2262,1737 2356,1704 2361,1532 2111,1582 2003,1539 1867,1631 1751,1608 1666,1662 1226,1584 996,1641 661,1518"/>
                <Baseline points="669,1696 753,1702 838,1708 923,1713 1008,1719 1093,1720 1177,1720 1262,1720 1347,1716 1432,1710 1517,1708 1601,1705 1686,1702 1771,1702 1856,1700 1941,1694 2025,1689 2110,1684 2195,1683 2280,1678 2365,1684"/>
                <TextEquiv>
                    <Unicode>Daʒ iſt ſeins hertʒn ewgel wayde</Unicode>
                </TextEquiv>
            </TextLine>
            <TextLine id="tr_1_tl_6" custom="readingOrder {index:5;}">
                <Coords points="661,1859 982,1918 1405,1890 1563,1928 1779,1883 2109,1916 2109,1765 2029,1737 1485,1817 1186,1756 1106,1812 1047,1770 916,1822 789,1754 661,1754"/>
                <Baseline points="674,1851 746,1861 818,1870 890,1877 962,1881 1034,1881 1106,1881 1178,1881 1250,1881 1322,1880 1394,1875 1466,1875 1538,1875 1610,1875 1682,1875 1754,1875 1826,1870 1898,1865 1970,1860 2042,1855 2114,1851"/>
                <TextEquiv>
                    <Unicode>Wann di winter ʒeit anleit</Unicode>
                </TextEquiv>
            </TextLine>
            <TextLine id="tr_1_tl_7" custom="readingOrder {index:6;}">
                <Coords points="880,2118 937,2132 1003,2071 1191,2111 1283,2074 2008,2097 2210,2055 2213,1909 2144,1878 2015,1939 1619,1972 1403,1888 1280,1928 885,1902"/>
                <Baseline points="896,2013 962,2024 1028,2024 1094,2027 1160,2031 1226,2036 1292,2032 1358,2030 1424,2030 1490,2030 1556,2030 1622,2028 1688,2023 1754,2020 1820,2015 1886,2013 1952,2013 2018,2008 2084,2007 2150,2005 2216,2001"/>
                <TextEquiv>
                    <Unicode>Du fügt ſich ʒw ainer ʒeit</Unicode>
                </TextEquiv>
            </TextLine>
            <TextLine id="tr_1_tl_8" custom="readingOrder {index:7;}">
                <Coords points="883,2295 1085,2245 1455,2285 1622,2213 1808,2213 1902,2260 2078,2191 2269,2191 2269,2085 2180,2107 2114,2062 2005,2102 1608,2064 1443,2116 1111,2114 1045,2071 883,2121"/>
                <Baseline points="896,2162 968,2177 1041,2191 1113,2198 1186,2199 1258,2204 1331,2204 1404,2208 1476,2210 1549,2210 1621,2209 1694,2205 1766,2200 1839,2198 1912,2196 1984,2191 2057,2186 2129,2181 2202,2180 2275,2180"/>
                <TextEquiv>
                    <Unicode>Daʒ der grill chein gerant</Unicode>
                </TextEquiv>
            </TextLine>
            <TextLine id="tr_1_tl_9" custom="readingOrder {index:8;}">
                <Coords points="692,2361 1516,2434 1996,2363 1998,2267 1815,2236 1674,2288 1342,2288 1085,2245 967,2300 694,2262"/>
                <Baseline points="704,2353 768,2359 833,2359 898,2359 963,2362 1028,2364 1093,2360 1157,2359 1222,2359 1287,2359 1352,2359 1417,2359 1482,2359 1547,2359 1611,2355 1676,2353 1741,2352 1806,2348 1871,2344 1936,2341 2001,2341"/>
                <TextEquiv>
                    <Unicode>Da er di amaiſſen vant</Unicode>
                </TextEquiv>
            </TextLine>
            <TextLine id="tr_1_tl_10" custom="readingOrder {index:9;}">
                <Coords points="697,2530 979,2573 1059,2530 1205,2613 1436,2528 1789,2544 1789,2438 1728,2401 1535,2457 1318,2448 1212,2396 1078,2443 906,2434 697,2380"/>
                <Baseline points="710,2514 764,2518 818,2520 872,2520 926,2520 980,2520 1034,2524 1088,2525 1142,2521 1196,2520 1251,2520 1305,2520 1359,2519 1413,2515 1467,2517 1521,2520 1575,2520 1629,2520 1683,2520 1737,2520 1792,2514"/>
                <TextEquiv>
                    <Unicode>Die waʒ charns reich</Unicode>
                </TextEquiv>
            </TextLine>
            <TextLine id="tr_1_tl_11" custom="readingOrder {index:10;}">
                <Coords points="708,2716 887,2766 1372,2730 1478,2773 1539,2744 1954,2792 1954,2549 1857,2580 1593,2530 1488,2599 1368,2556 1189,2627 708,2591"/>
                <Baseline points="722,2676 783,2680 845,2684 907,2688 969,2688 1031,2691 1093,2693 1154,2689 1216,2688 1278,2688 1340,2688 1402,2688 1464,2688 1526,2688 1587,2688 1649,2688 1711,2688 1773,2688 1835,2688 1897,2689 1959,2694"/>
                <TextEquiv>
                    <Unicode>Er pat ſey vleiſſilchleich</Unicode>
                </TextEquiv>
            </TextLine>
            <TextLine id="tr_1_tl_12" custom="readingOrder {index:11;}">
                <Coords points="692,2883 1026,2973 1109,2905 1255,2968 1452,2909 1593,2956 1697,2905 1850,2912 1850,2773 1754,2754 1509,2794 1158,2733 1111,2775 880,2787 694,2716"/>
                <Baseline points="704,2867 761,2871 819,2875 876,2879 934,2879 992,2879 1049,2879 1107,2879 1165,2879 1222,2879 1280,2879 1338,2878 1395,2874 1453,2870 1511,2868 1568,2872 1626,2870 1684,2867 1741,2863 1799,2861 1857,2861"/>
                <TextEquiv>
                    <Unicode>Daz ſi ſolt ſich erparm</Unicode>
                </TextEquiv>
            </TextLine>
            <TextLine id="tr_1_tl_13" custom="readingOrder {index:12;} abbrev {offset:23; length:3;expansion:armen;}">
                <Coords points="704,3060 946,3046 1182,3102 1459,3050 1681,3098 2095,3022 2227,3076 2231,2905 2132,2921 1956,2865 1695,2956 1488,2909 1177,2970 1087,2921 1026,2973 708,2890"/>
                <Baseline points="716,3028 791,3033 867,3038 943,3044 1019,3043 1095,3040 1171,3040 1247,3040 1323,3040 1399,3040 1475,3040 1550,3038 1626,3034 1702,3034 1778,3029 1854,3023 1930,3018 2006,3013 2082,3010 2158,3009 2234,3004"/>
                <TextEquiv>
                    <Unicode>Durich got uber in vil arm</Unicode>
                </TextEquiv>
            </TextLine>
            <TextLine id="tr_1_tl_14" custom="readingOrder {index:13;}">
                <Coords points="708,3227 887,3222 1175,3307 1255,3248 1403,3267 1610,3213 1852,3293 2090,3192 2300,3194 2283,3053 1968,3126 1721,3121 1525,3055 1276,3147 711,3062"/>
                <Baseline points="722,3195 801,3201 880,3202 959,3207 1038,3207 1117,3207 1196,3207 1276,3204 1355,3201 1434,3201 1513,3201 1592,3201 1671,3195 1750,3190 1830,3189 1909,3186 1988,3183 2067,3183 2146,3182 2225,3178 2305,3183"/>
                <TextEquiv>
                    <Unicode>Vnd püſſt im deʒ hungersnöt</Unicode>
                </TextEquiv>
            </TextLine>
            <TextLine id="tr_1_tl_15" custom="readingOrder {index:14;}">
                <Coords points="692,3408 878,3465 1212,3378 1845,3411 2069,3387 2071,3265 1925,3248 1801,3300 1652,3229 1584,3283 1339,3255 1222,3312 694,3267"/>
                <Baseline points="704,3368 772,3371 841,3374 910,3374 978,3374 1047,3374 1116,3374 1184,3374 1253,3374 1322,3374 1391,3374 1459,3373 1528,3369 1597,3368 1665,3366 1734,3362 1803,3357 1871,3353 1940,3351 2009,3348 2078,3339"/>
                <TextEquiv>
                    <Unicode>Eʒ müſſt anders ligen töt</Unicode>
                </TextEquiv>
            </TextLine>
            <TextLine id="tr_1_tl_16" custom="readingOrder {index:15;}">
                <Coords points="706,3559 1057,3578 1102,3615 1478,3552 1869,3606 2151,3519 2309,3571 2316,3385 2008,3420 1921,3382 1575,3472 1266,3432 1104,3484 711,3411"/>
                <Baseline points="722,3536 801,3542 881,3542 961,3542 1041,3542 1120,3542 1200,3542 1280,3542 1360,3542 1439,3542 1519,3541 1599,3536 1679,3531 1758,3525 1838,3520 1918,3515 1998,3512 2077,3510 2157,3506 2237,3506 2317,3506"/>
                <TextEquiv>
                    <Unicode>Jn ainem wintter daʒ geſchach</Unicode>
                </TextEquiv>
            </TextLine>
            <TextLine id="tr_1_tl_17" custom="readingOrder {index:16;}">
                <Coords points="657,3695 774,3731 944,3705 1170,3787 1488,3710 1702,3785 1899,3702 2071,3688 2144,3747 2293,3726 2434,3773 2438,3549 2358,3531 2281,3587 2154,3594 1961,3545 1892,3597 1728,3611 1659,3571 1448,3573 1320,3632 1069,3653 831,3587 657,3625"/>
                <Baseline points="669,3679 757,3697 846,3703 935,3703 1023,3709 1112,3709 1201,3709 1289,3703 1378,3709 1467,3709 1556,3709 1644,3709 1733,3704 1822,3698 1910,3692 1999,3686 2088,3680 2176,3679 2265,3679 2354,3684 2443,3685"/>
                <TextEquiv>
                    <Unicode>Di amaiſſ ʒw dem grillen ſprach</Unicode>
                </TextEquiv>
            </TextLine>
            <TextLine id="tr_1_tl_18" custom="readingOrder {index:17;}">
                <Coords points="673,3900 1283,3881 1464,3928 1577,3874 1923,3907 1977,3884 1980,3695 1659,3790 1516,3787 1466,3742 1292,3813 1019,3811 920,3742 803,3797 770,3764 673,3787"/>
                <Baseline points="686,3864 750,3870 815,3870 880,3874 945,3876 1010,3876 1075,3876 1139,3876 1204,3878 1269,3882 1334,3877 1399,3876 1464,3875 1529,3870 1593,3870 1658,3868 1723,3864 1788,3864 1853,3861 1918,3856 1983,3852"/>
                <TextEquiv>
                    <Unicode>Lieber mein herr grill</Unicode>
                </TextEquiv>
            </TextLine>
            <TextLine id="tr_1_tl_19" custom="readingOrder {index:18;}">
                <Coords points="720,4053 894,4053 974,4112 1266,4074 1478,4117 1537,4060 1622,4110 1827,4067 1827,3895 1761,3919 1655,3867 1450,3966 1217,3952 1106,3895 720,3895"/>
                <Baseline points="734,4020 791,4022 849,4026 907,4030 965,4032 1023,4032 1081,4036 1138,4037 1196,4033 1254,4032 1312,4032 1370,4032 1428,4032 1485,4032 1543,4032 1601,4030 1659,4025 1717,4018 1775,4012 1833,4008"/>
                <TextEquiv>
                    <Unicode>Wie ſweigt ir ſo ſtill</Unicode>
                </TextEquiv>
            </TextLine>
            <TextLine id="tr_1_tl_20" custom="readingOrder {index:19;}">
                <Coords points="671,4256 748,4263 836,4199 1050,4211 1116,4272 1233,4197 1443,4180 1551,4237 1681,4230 1855,4176 1859,4079 1593,4110 1537,4060 1476,4117 1269,4128 1158,4091 982,4117 678,4039"/>
                <Baseline points="686,4187 744,4187 803,4188 862,4192 921,4193 980,4193 1039,4193 1097,4193 1156,4193 1215,4193 1274,4190 1333,4187 1392,4183 1451,4179 1509,4175 1568,4175 1627,4175 1686,4175 1745,4171 1804,4163 1863,4151"/>
                <TextEquiv>
                    <Unicode>Jn dem ſumer hewr
</Unicode>
                </TextEquiv>
            </TextLine>
            <TextLine id="tr_1_tl_21" custom="readingOrder {index:20;}">
                <Coords points="678,4364 1339,4446 1521,4385 1772,4387 1970,4326 1972,4272 1695,4213 1539,4277 1391,4244 1144,4286 1073,4232 944,4300 678,4284"/>
                <Baseline points="692,4354 756,4348 820,4349 884,4353 949,4354 1013,4354 1077,4354 1141,4354 1206,4354 1270,4353 1334,4349 1398,4348 1463,4346 1527,4342 1591,4338 1655,4336 1720,4335 1784,4331 1848,4330 1912,4327 1977,4318"/>
                <TextEquiv>
                    <Unicode>Mein chorn iſt mi̅ tewr
</Unicode>
                </TextEquiv>
            </TextLine>
            <TextLine id="tr_1_tl_22" custom="readingOrder {index:21;}">
                <Coords points="650,4531 946,4573 1029,4531 1593,4529 1770,4585 1972,4526 2031,4578 2149,4552 2253,4592 2394,4543 2396,4434 1834,4404 1273,4463 1052,4385 819,4427 652,4402"/>
                <Baseline points="663,4521 749,4521 836,4518 923,4518 1010,4521 1097,4521 1184,4521 1271,4521 1358,4519 1445,4515 1532,4513 1618,4509 1705,4508 1792,4503 1879,4503 1966,4502 2053,4497 2140,4497 2227,4497 2314,4503 2401,4503"/>
                <TextEquiv>
                    <Unicode>Jr habt an ewrm geſang genüg</Unicode>
                </TextEquiv>
            </TextLine>
            <TextLine id="tr_1_tl_23" custom="readingOrder {index:22;}">
                <Coords points="676,4736 758,4698 826,4743 1059,4745 1170,4682 1349,4715 1598,4682 1702,4762 2128,4745 2208,4712 2210,4547 2029,4576 1954,4526 1768,4585 1553,4529 1344,4604 1207,4547 1132,4592 678,4552"/>
                <Baseline points="692,4659 768,4664 844,4669 920,4674 996,4677 1073,4677 1149,4677 1225,4677 1301,4677 1377,4673 1454,4671 1530,4671 1606,4670 1682,4665 1758,4665 1835,4660 1911,4659 1987,4659 2063,4659 2139,4657 2216,4647"/>
                <TextEquiv>
                    <Unicode>Jr ſeyt ſo weiʒ vnd ſo chlueg</Unicode>
                </TextEquiv>
            </TextLine>
            <TextLine id="tr_1_tl_24" custom="readingOrder {index:23;}">
                <Coords points="673,4846 911,4844 1198,4924 1384,4865 1622,4901 1699,4844 1831,4905 1968,4879 1970,4748 1601,4762 1532,4708 1337,4703 967,4792 673,4703"/>
                <Baseline points="686,4826 750,4830 815,4835 879,4839 944,4843 1008,4844 1073,4844 1137,4844 1202,4844 1266,4844 1331,4843 1396,4838 1460,4838 1525,4836 1589,4832 1654,4837 1718,4838 1783,4837 1847,4832 1912,4832 1977,4826"/>
                <TextEquiv>
                    <Unicode>Wann ir froleich ſinget</Unicode>
                </TextEquiv>
            </TextLine>
            <TextLine id="tr_1_tl_25" custom="readingOrder {index:24;}">
                <Coords points="650,4983 854,5004 977,5089 1113,5013 1273,4997 1492,5051 1808,4995 1984,5042 2078,5002 2203,5044 2408,5013 2408,4891 2366,4882 1829,4908 1706,4853 1448,4922 1328,4872 1191,4933 1109,4886 967,4910 652,4830"/>
                <Baseline points="663,4975 750,4974 838,4986 925,4995 1013,4999 1100,4999 1188,4999 1275,4997 1363,4993 1450,4993 1538,4992 1625,4987 1713,4987 1800,4987 1888,4986 1975,4981 2063,4980 2150,4975 2238,4975 2325,4969 2413,4963"/>
                <TextEquiv>
                    <Unicode>Den ſumer lauffet vnd ſpringet</Unicode>
                </TextEquiv>
            </TextLine>
            <TextLine id="tr_1_tl_26" custom="readingOrder {index:25;} abbrev {offset:31; length:2;expansion:ren;}">
                <Coords points="673,5181 880,5221 1191,5159 1457,5202 1831,5136 1956,5202 2092,5152 2467,5197 2493,5039 1650,5013 1516,5072 1356,4992 1205,5096 1050,5096 676,4990"/>
                <Baseline points="686,5125 776,5143 867,5155 957,5155 1048,5161 1138,5161 1229,5161 1319,5155 1410,5149 1500,5143 1591,5142 1681,5136 1772,5131 1862,5132 1953,5136 2043,5131 2134,5131 2224,5131 2315,5131 2405,5131 2496,5131"/>
                <TextEquiv>
                    <Unicode>Von waitz akcher durich daʒ chorn</Unicode>
                </TextEquiv>
            </TextLine>
            <TextLine id="tr_1_tl_27" custom="readingOrder {index:26;} abbrev {offset:26; length:3;expansion:oren;}">
                <Coords points="617,5338 963,5364 1066,5327 1151,5364 1749,5298 2015,5376 2121,5308 2288,5329 2276,5157 2092,5150 1970,5204 1822,5145 1556,5218 1410,5171 857,5225 753,5171 621,5174"/>
                <Baseline points="633,5286 716,5297 799,5306 882,5311 965,5316 1048,5315 1131,5310 1214,5310 1297,5305 1380,5304 1463,5295 1546,5288 1629,5286 1712,5286 1795,5283 1878,5280 1961,5280 2044,5280 2127,5280 2210,5280 2293,5280"/>
                <TextEquiv>
                    <Unicode>Secht da hier ir wol verſworn</Unicode>
                </TextEquiv>
            </TextLine>
            <TextLine id="tr_1_tl_28" custom="readingOrder {index:27;}">
                <Coords points="638,5461 984,5524 1175,5487 1271,5534 1379,5477 1624,5468 1669,5503 1864,5447 2170,5484 2222,5534 2347,5498 2349,5371 2224,5378 2111,5324 2029,5390 1869,5343 1744,5381 1659,5319 1490,5341 1403,5305 1094,5414 991,5355 829,5381 756,5322 640,5331"/>
                <Baseline points="651,5459 736,5470 821,5476 906,5472 991,5476 1076,5473 1161,5471 1246,5467 1331,5461 1416,5456 1502,5450 1587,5447 1672,5445 1757,5441 1842,5441 1927,5440 2012,5436 2097,5441 2182,5441 2267,5441 2353,5441"/>
                <TextEquiv>
                    <Unicode>Daʒ chain chalter wintter cham
</Unicode>
                </TextEquiv>
            </TextLine>
            <TextLine id="tr_1_tl_29" custom="readingOrder {index:28;}">
                <Coords points="666,5623 817,5623 1000,5710 1264,5644 1403,5715 1532,5637 2114,5621 2116,5536 1871,5541 1761,5477 1612,5548 1459,5505 1135,5574 668,5463"/>
                <Baseline points="680,5620 752,5623 824,5626 896,5628 968,5632 1040,5632 1112,5632 1184,5632 1256,5630 1328,5625 1400,5620 1472,5615 1544,5614 1616,5614 1688,5613 1760,5609 1832,5609 1904,5605 1976,5605 2048,5608 2120,5603"/>
                <TextEquiv>
                    <Unicode>Der ſumer ſunne benam</Unicode>
                </TextEquiv>
            </TextLine>
            <TextLine id="tr_1_tl_30" custom="readingOrder {index:29;}">
                <Coords points="612,5837 869,5814 1017,5891 1226,5809 1375,5833 1551,5790 1751,5882 2307,5809 2309,5680 2090,5616 1509,5734 1353,5677 1217,5738 939,5673 617,5689"/>
                <Baseline points="627,5818 711,5817 795,5812 879,5812 963,5812 1048,5812 1132,5807 1216,5806 1300,5802 1384,5796 1469,5790 1553,5788 1637,5785 1721,5782 1805,5782 1890,5782 1974,5782 2058,5783 2142,5788 2226,5788 2311,5782"/>
                <TextEquiv>
                    <Unicode>Nu iſt er chömen vngeladen</Unicode>
                </TextEquiv>
            </TextLine>
            <TextLine id="tr_1_tl_31" custom="readingOrder {index:30;} abbrev {offset:21; length:2;expansion:ren;}">
                <Coords points="650,5957 779,6004 854,5967 1153,6009 1723,5964 1939,5990 2085,6087 2295,6047 2476,6092 2497,5746 1895,5875 1725,5880 1643,5800 1459,5842 1191,5816 1014,5894 805,5826 650,5842"/>
                <Baseline points="663,5949 759,5955 856,5959 953,5965 1050,5967 1146,5967 1243,5967 1340,5967 1437,5960 1534,5954 1630,5947 1727,5943 1824,5943 1921,5946 2018,5949 2114,5949 2211,5949 2308,5944 2405,5943 2502,5943"/>
                <TextEquiv>
                    <Unicode>Der ewch vnd allen torn ſchadet</Unicode>
                </TextEquiv>
            </TextLine>
            <TextEquiv>
                <Unicode></Unicode>
            </TextEquiv>
        </TextRegion>
    </Page>
</PcGts>
