5220 7620
1772 904 3182 1207 Darcʒu wil er ſich geleichen
1782 1131 3129 1326 Den edeln vnd den reichen
1795 1292 3164 1526 Vnd pargt ein gut gewant
1782 1468 2992 1695 Das gilt er mit ſchant
1798 1587 3480 1843 Wenn in der chawffman anſpricht
1782 1766 3380 2004 Vnd das er trew vnd aid pricht
1801 1938 3361 2217 Vellet das heuen auf den ſtain
1806 2130 3377 2359 Daʒ heuen engiltet ſein allain
1793 2286 3453 2526 Stirbt ſein herr er chumpt in not
1830 2439 3282 2689 Villeicht pegreiffet in der tot
1819 2618 3295 2866 Wegreiffen in aber die phan
1816 2771 3243 3032 So ſchrein vber in die chran
1753 2942 3867 3266 Pöser amptlewt die herrn dikch engelten
1801 3121 3343 3422 Daʒ ander lewt dikch ſchelten
1819 3319 3451 3591 Wann es verlieſen pöse ratgeben
1806 3514 3319 3757 Den herren gut ſel vnd leben
1819 3664 3432 3931 Vnd machen ir gemüte chranch
2083 3857 3456 4123 DAvon ſprach her freydanch
2054 4036 3596 4297 Man merchet pey dem rat wol
1824 4207 3446 4442 Wie man den herren haben ſchol
1835 4416 3461 4656 Ein herrn es pilleich miſſegat
1822 4571 3451 4830 Der sein ding an den pöſen lat
1830 4745 3620 5012 Er iſt noch pöſer der nach pöſen rat
1769 4922 3432 5191 Tüt wann ainer der pöſen hat
1803 5096 3148 5367 Ym durch poshait geben
1814 5283 3601 5557 Ein frum man ſcholt mit eren leben
1830 5491 3414 5692 Noch peʒʒer rainew er an gut
1819 5607 3498 5845 Wann vnrain er die wunder tut
1837 5781 3543 6032 Hymliſcher er der ſchir entrinnet
1806 5958 3206 6211 Mit ſünden gut gewÿnnet
