5139 7551
1259 844 1683 906 Gots gut
1289 993 1880 1055 Mich pehut
1283 1136 2745 1210 Vor der jemmerleichn pein
1295 1292 2196 1354 Sein erparmen
1313 1441 2148 1503 helff mir armen
1283 1578 2757 1658 für das vroleich anclucʒ ſein
1259 1733 2638 1801 Nu ſprecht mit mir alſam̅
1247 1889 2435 1962 Jn gotes namen amen
1605 2044 3169 2124 Dichtens hab ich mich erlawbt
1641 2181 3241 2285 Seit der ʒeit das mein hawbt
1492 2330 3121 2458 So manigerlay den gewan
1295 2521 2936 2649 Seÿden dieʒʒen ſewſen Singen
1259 2676 3109 2798 Ʒwicʒern grellen ſweyrn chlingen
1271 2838 2704 2953 Die dann ich gelernet han
1259 3017 2924 3102 Die mir vor got vnchunt worn
1283 3154 2984 3264 Vncʒ ich chain ʒü funfcʒig Jarn
1271 3309 2883 3407 Do hub ſich erſt ir ampt an
1277 3446 2883 3562 Das ſich nü tägleich ercʒaiget
1295 3626 2775 3729 Wie ſich gen dem tod nayget
1277 3787 2781 3890 Jn alter ʒeit weib vnd man
1289 3918 2996 4040 Damit laʒʒen wir die red Stan
1295 4091 3032 4219 Wie wol mir nu die orn dieʒʒen
1301 4246 2865 4392 Vnd die awgen vber flieʒʒen
1265 4419 3211 4553 Doch wil ich tichten ein püchelein
1283 4593 3497 4720 Meinen frewnden das ſy gedenchn mein
1283 4748 2763 4887 Wer es leſe oder höre leſen
1247 4915 2751 5042 Der ſchol meiner ſel weſen
1253 5082 2936 5210 Geneͣdig wann geſchriben ſtat
1295 5249 2972 5389 Wer die geſchrifft geleſen hat
1277 5434 3157 5556 Wer für eins andern miſſtat pitt
1295 5583 2966 5705 Sein ſelbs ſel löſet er damit
