5124 7679
1695 812 3556 1129 Dem ſelbn̅ chert er ſchir den nakch
1732 1040 3104 1280 Wann er im geʒeucht ab
1744 1212 3418 1458 Mit maniger poſhait ſein hab
1738 1400 3615 1670 Wer vntrew ʒẅ ſicht dem verſicht
1735 1544 3289 1818 Der ſelb getrew im iſt nicht
1738 1750 3799 1990 Der mag wol ſein ein tumber man
1729 1907 3415 2163 Alʒ ich mich verſinnen chan
1744 2104 3424 2387 Wer uber ſein ſelbs ſel phligt
1757 2283 3692 2547 Daʒ der ſelb mein ſel unhoch wigt
1729 2436 3722 2756 Daʒ dunlicht mich nicht vnpilleich
1760 2599 3350 2898 Der lewt müt iſt vngeleich
1747 2793 3448 3076 Wem got lieber iſt dann güt
1753 2996 3461 3261 Der acht nicht auf irdiſch güt
1729 3156 3593 3455 Drey ſpieſſ vnd tagleich ſmertʒ
1710 3347 3452 3645 Stechen in tagleich in ſein hercʒ
1772 3538 3113 3784 Wann mit groſſer arbait
1753 3731 3341 3990 Groſſ ſchaetʒ ʒeſamm gelait
1772 3904 3765 4190 Mit groſſen ſorgen wirt er v̅porgen
1750 4107 3747 4331 In hertʒn̅ ſargen muʒ er auch v̅porgen
1760 4254 3639 4528 Ein ſamme̅ vnd in hertʒn̅ layde
1769 4421 3639 4704 Wann er ſich von im muʒ ſchaiden
1720 4556 3615 4876 Doch eyln̅n̅ wir ʒẅ der geithait
1747 4796 3519 5076 Alſo in der erſten chriſtenhait
1772 4974 3612 5248 Di heiligen ʒw der marter taten
1732 5165 3639 5457 Davon wirt vnſer vil verraten
1741 5343 3485 5633 Di doch dunkit daʒ ſi leben
1738 5540 3848 5817 War ſicherleich vnd ſteen gar eben
1766 5722 4174 5977 Wer chan di tugent recht vnderſchaidn̅
1726 5903 4202 6177 Seyt manig vntugent ſich chan chlaiden
