5086 7560
938 820 2676 1145 Der fueget noch manig miſſetat
1030 1002 2743 1317 Wann ſelten hat ſein yemant frūin
1025 1188 3282 1496 Er ſprach ſim wer weͣr durch ſpech dar chomen
1011 1367 2830 1609 Die man durch trew hat dar geſant
1011 1544 2855 1783 Die wolten verderben lewt vnd lant
1053 1746 2726 1946 Wann darnach in churcʒen tagen
1039 1814 3046 2224 Viercʒig tauſent man wurden erslagen
1042 2106 2280 2316 Vmb die ſelben miſſetat
1016 2263 2589 2473 Die der furwicʒ vnd affen rat
963 2434 2288 2670 Ir leben het in wenomen
1030 2586 2339 2813 Wer hat er oder frumen
1030 2676 3215 3035 Vnd choſt ein glok tawſenfund phūt markch
1014 2897 2869 3257 Wie güt ſy wer wie groʒʒ wie ſtarch
1008 3114 2479 3330 Dennoch weͣr ir lob enwicht
1016 3240 2774 3509 Hier ſy eines chlaines eyſen nicht
1016 3403 2729 3675 An dem der chlachel hangen ſchol
960 3582 2628 3897 Pey diſen dingen merch ich wol
1022 3717 3038 4046 Wie groʒʒ wie ſtarch wie reich wie güt
1044 3942 2732 4222 Wie wolgemüt wie chun deʒ müt
994 4085 2600 4349 Iſt ein man hat er nicht witʒen
1011 4295 2636 4500 So müs er als ein narr ſitʒen
1025 4422 3071 4719 Doch dunchet ſich manig man gar weis
1002 4601 2838 4865 Der als ein entreich auf eine eys
1008 4795 2647 5051 Swancʒiern vor den lewten gat
1002 4944 2687 5239 Weͣr er aber an  der weiſen tat
1002 5135 2566 5407 Das man nicht acht ſein gelff
997 5331 2676 5607 Do ſtuend er als ein ander uelff
988 5506 2597 5783 Pey alten hunden das er von in
997 5663 2662 6008 Vil gern ſchied möcht es geſen
