5208 7667
1821 1155 3797 1235 Jr armes geſind von chumers chloben
1803 1340 3475 1420 Wievil ſy doch chunnen geloben
1683 1519 3158 1593 Gueter gelub ſind ſy reich
1731 1698 3379 1772 Das ſy aber liegen willichleich
1773 1889 3296 1945 Vnd nicht geben das ſtet vbel
1767 2074 3522 2154 Lug iſt ſünd vnd ſchanden chubel
1683 2265 3421 2345 Tunkel wolkeln an allen regen
1791 2450 3815 2530 Sind herren die man nu ſicht pflegn
1791 2642 3343 2715 Vil geloben vnd wenig geben
1767 2839 3672 2912 Das ʒert an er das chranche lebn
1791 3024 3457 3092 Vnſers herrn red was vil ſweͣr
1755 3227 3600 3295 Den jungen wann er ſew lugner
1779 3418 3421 3486 Hies vnd das der tewfel weͣr
1779 3591 3576 3659 Den lugen vater nu iſ wer iſt leͣr
1785 3776 3684 3844 Liegen auf enden die herrn namen
1785 3967 3558 4053 Haben des schullen ſy ſich ſchamen
1773 4170 3672 4250 Die groʒʒ gut haben vnd doch dapey
1773 4379 3570 4447 Der ſelben wandel nicht ſind vrey
1791 4576 3463 4638 Ein herr an er ʒimpt als wol
1767 4755 3367 4847 Als ein ſchon tal vinſters vol
1761 4934 3499 5038 Puchen an lawb hawbt an har
1743 5126 3540 5211 Veld an gras tier an zagls par
1767 5329 3935 5402 Mit ſchaden mit ſchanden hat er genott
1755 5520 3839 5588 Dem man nicht geit vnd ſein ſpott
1755 5705 3463 5791 Alſo iſt wer pöſen herrn̅ noch
1743 5896 3343 5970 Volgt an er vnd an gemach
1731 6081 3696 6161 Wer chan die peſten aws geleſen
