5103 7634
582 890 1903 1199 All full spat vnd frue
665 1076 2183 1333 Wildn mit mir dahaim ſein
659 1261 2451 1493 Man phligt dein alʒ wol alʒ mein
668 1378 2175 1641 Vnter deʒ der hunt alſo ſprach
682 1584 2277 1826 Der wolf im da an di chel ſach
659 1689 2851 1978 Nu ſag mir vnd ſprach e wir traben
668 1886 2394 2135 Wie iſt dein chel dir ſo beſlagen
648 2043 2357 2294 Er ſprach deʒ beſthayd ich dich
699 2203 2611 2440 Ein halſpant twingt deʒ tags mich
688 2332 2234 2583 Aber deʒ nachts pin ich frey
679 2503 2394 2751 Vnd wonn meins herren hof pey
713 2623 3005 2919 Vnd bewart daʒ im chain ſthad geſchicht
682 2820 2597 3068 Der wol ſprach mit der wil ich nicht
699 2968 2440 3242 Solt ich den tag geuangen sein
708 3139 2663 3396 Wann waʒ ſolt mir daʒ leben mein
679 3285 2620 3536 Ich wolt e ymmer all vnbeſlagen
705 3439 2594 3667 Zeholtʒ vnd auch ʒw veld traben
693 3584 2657 3853 Ich wolt meinen freyen willen habn
719 3730 2720 3987 So dann ich lomptig wär begrabn
711 3904 2140 4155 Durich mein arm leipnar
1036 3998 3162 4272 Di merket arm nempt der arm rawb war
942 4175 2734 4472 Vnd manger ander tumber lewt
693 4318 2038 4572 In der welt di noch hewt
682 4537 2029 4740 Leben chloſterleich leben
736 4632 2956 4917 Vnd sich doch selbn nicht welln ergebn
736 4829 2563 5083 Di habn deʒ magern wolfs müt
725 5003 2269 5271 Wer aber ſich in chloſter tüt
742 5177 2229 5448 Daʒ er gewiſſ phrünt hat
759 5379 2645 5633 Der richt ſich an deʒ hundes ſtat
719 5542 2488 5816 Der gern niden haylſeyſen lag
745 5770 2500 6013 geuangen mangen lichten tag
