<?xml version="1.0" encoding="UTF-8" standalone="yes"?>
<PcGts xmlns="http://schema.primaresearch.org/PAGE/gts/pagecontent/2013-07-15" xmlns:xsi="http://www.w3.org/2001/XMLSchema-instance" xsi:schemaLocation="http://schema.primaresearch.org/PAGE/gts/pagecontent/2013-07-15 http://schema.primaresearch.org/PAGE/gts/pagecontent/2013-07-15/pagecontent.xsd">
    <Metadata>
        <Creator>Transkribus</Creator>
        <Created>2024-11-08T12:45:54.333+01:00</Created>
        <LastChange>2024-12-18T16:47:18.122+01:00</LastChange>
        <TranskribusMetadata docId="5062960" pageId="82720919" pageNr="58" tsid="213510992" status="DONE" userId="92802" imgUrl="https://files.transkribus.eu/Get?id=TFUYZTQZEUETAJGQPDWXWRVH&amp;fileType=view" xmlUrl="https://files.transkribus.eu/Get?id=TPMJSASGATCBTJYLBZJAIBTR" imageId="68066115"/>
    </Metadata>
    <Page imageFilename="Renner Cod. 2810-0058.jpeg" imageWidth="5086" imageHeight="7560">
        <ReadingOrder>
            <OrderedGroup id="ro_1734603015706" caption="Regions reading order">
                <RegionRefIndexed index="0" regionRef="r_2"/>
            </OrderedGroup>
        </ReadingOrder>
        <TextRegion id="r_2" custom="readingOrder {index:0;}">
            <Coords points="560,793 2983,867 2983,6188 740,6188"/>
            <TextLine id="r_2_tl_1" custom="readingOrder {index:0;}">
                <Coords points="830,1083 871,1053 961,1047 1050,1041 1140,1041 1230,1041 1319,1041 1409,1041 1498,1041 1588,1041 1678,1035 1767,1035 1857,1035 1946,1029 2036,1029 2125,1023 2215,1023 2305,1017 2394,1017 2484,1011 2573,1005 2663,1000 2663,1050 2573,1055 2484,1061 2394,1067 2305,1067 2215,1073 2125,1073 2036,1079 1946,1079 1857,1085 1767,1085 1678,1085 1588,1091 1498,1091 1409,1091 1319,1091 1230,1091 1140,1091 1050,1091 961,1097 871,1103 830,1133"/>
                <Baseline points="830,1128 871,1098 961,1092 1050,1086 1140,1086 1230,1086 1319,1086 1409,1086 1498,1086 1588,1086 1678,1080 1767,1080 1857,1080 1946,1074 2036,1074 2125,1068 2215,1068 2305,1062 2394,1062 2484,1056 2573,1050 2663,1045"/>
                <TextEquiv>
                    <Unicode>Cham daz mawl der chunich ſprach</Unicode>
                </TextEquiv>
            </TextLine>
            <TextLine id="r_2_tl_2" custom="readingOrder {index:1;}">
                <Coords points="838,1234 883,1226 973,1220 1062,1220 1152,1215 1242,1220 1331,1220 1421,1215 1510,1220 1600,1220 1689,1215 1779,1215 1869,1209 1958,1209 2048,1197 2137,1191 2227,1191 2316,1191 2316,1241 2227,1241 2137,1241 2048,1247 1958,1259 1869,1259 1779,1265 1689,1265 1600,1270 1510,1270 1421,1265 1331,1270 1242,1270 1152,1265 1062,1270 973,1270 883,1276 838,1284"/>
                <Baseline points="838,1279 883,1271 973,1265 1062,1265 1152,1260 1242,1265 1331,1265 1421,1260 1510,1265 1600,1265 1689,1260 1779,1260 1869,1254 1958,1254 2048,1242 2137,1236 2227,1236 2316,1236"/>
                <TextEquiv>
                    <Unicode>Sag mir wie piſtu genant</Unicode>
                </TextEquiv>
            </TextLine>
            <TextLine id="r_2_tl_3" custom="readingOrder {index:2;}">
                <Coords points="800,1412 853,1406 943,1400 1033,1394 1122,1394 1212,1388 1301,1388 1391,1388 1480,1382 1570,1382 1660,1376 1749,1382 1839,1376 1928,1370 2018,1364 2107,1358 2197,1352 2287,1346 2376,1340 2466,1334 2555,1328 2645,1322 2734,1322 2824,1328 2824,1378 2734,1372 2645,1372 2555,1378 2466,1384 2376,1390 2287,1396 2197,1402 2107,1408 2018,1414 1928,1420 1839,1426 1749,1432 1660,1426 1570,1432 1480,1432 1391,1438 1301,1438 1212,1438 1122,1444 1033,1444 943,1450 853,1456 800,1462"/>
                <Baseline points="800,1457 853,1451 943,1445 1033,1439 1122,1439 1212,1433 1301,1433 1391,1433 1480,1427 1570,1427 1660,1421 1749,1427 1839,1421 1928,1415 2018,1409 2107,1403 2197,1397 2287,1391 2376,1385 2466,1379 2555,1373 2645,1367 2734,1367 2824,1373"/>
                <TextEquiv>
                    <Unicode>Er ſprach ey herr wie iſt euch wechant </Unicode>
                </TextEquiv>
            </TextLine>
            <TextLine id="r_2_tl_4" custom="readingOrder {index:3;}">
                <Coords points="800,1579 859,1585 949,1579 1039,1579 1128,1573 1218,1573 1307,1567 1397,1567 1486,1561 1576,1561 1666,1561 1755,1555 1845,1555 1934,1555 2024,1549 2113,1543 2203,1543 2293,1543 2293,1593 2203,1593 2113,1593 2024,1599 1934,1605 1845,1605 1755,1605 1666,1611 1576,1611 1486,1611 1397,1617 1307,1617 1218,1623 1128,1623 1039,1629 949,1629 859,1635 800,1629"/>
                <Baseline points="800,1624 859,1630 949,1624 1039,1624 1128,1618 1218,1618 1307,1612 1397,1612 1486,1606 1576,1606 1666,1606 1755,1600 1845,1600 1934,1600 2024,1594 2113,1588 2203,1588 2293,1588"/>
                <TextEquiv>
                    <Unicode>Dez ritters ros in der Stat</Unicode>
                </TextEquiv>
            </TextLine>
            <TextLine id="r_2_tl_5" custom="readingOrder {index:4;}">
                <Coords points="818,1752 847,1752 937,1758 1027,1758 1116,1752 1206,1752 1295,1752 1385,1752 1474,1746 1564,1746 1654,1746 1743,1746 1833,1746 1922,1740 2012,1740 2101,1740 2191,1728 2191,1778 2101,1790 2012,1790 1922,1790 1833,1796 1743,1796 1654,1796 1564,1796 1474,1796 1385,1802 1295,1802 1206,1802 1116,1802 1027,1808 937,1808 847,1802 818,1802"/>
                <Baseline points="818,1797 847,1797 937,1803 1027,1803 1116,1797 1206,1797 1295,1797 1385,1797 1474,1791 1564,1791 1654,1791 1743,1791 1833,1791 1922,1785 2012,1785 2101,1785 2191,1773"/>
                <TextEquiv>
                    <Unicode>Geſeʒʒen iſt zu wacharat</Unicode>
                </TextEquiv>
            </TextLine>
            <TextLine id="r_2_tl_6" custom="readingOrder {index:5;}">
                <Coords points="830,1937 859,1937 949,1931 1039,1931 1128,1931 1218,1931 1307,1931 1397,1931 1486,1931 1576,1931 1666,1931 1755,1925 1845,1919 1934,1925 2024,1919 2113,1919 2203,1913 2293,1913 2382,1919 2382,1969 2293,1963 2203,1963 2113,1969 2024,1969 1934,1975 1845,1969 1755,1975 1666,1981 1576,1981 1486,1981 1397,1981 1307,1981 1218,1981 1128,1981 1039,1981 949,1981 859,1987 830,1987"/>
                <Baseline points="721,1988 859,1982 949,1976 1039,1976 1128,1976 1218,1976 1307,1976 1397,1976 1486,1976 1576,1976 1666,1976 1755,1970 1845,1964 1934,1970 2024,1964 2113,1964 2203,1958 2293,1958 2382,1964"/>
                <TextEquiv>
                    <Unicode>Vnd iſt genant her goldemir</Unicode>
                </TextEquiv>
            </TextLine>
            <TextLine id="r_2_tl_7" custom="readingOrder {index:6;}">
                <Coords points="776,2104 788,2104 877,2104 967,2110 1056,2110 1146,2116 1236,2116 1325,2116 1415,2116 1504,2116 1594,2116 1683,2116 1773,2104 1863,2110 1952,2104 2042,2098 2131,2098 2221,2092 2310,2086 2400,2086 2400,2136 2310,2136 2221,2142 2131,2148 2042,2148 1952,2154 1863,2160 1773,2154 1683,2166 1594,2166 1504,2166 1415,2166 1325,2166 1236,2166 1146,2166 1056,2160 967,2160 877,2154 788,2154 776,2154"/>
                <Baseline points="759,2146 788,2149 877,2149 967,2155 1056,2155 1146,2161 1236,2161 1325,2161 1415,2161 1504,2161 1594,2161 1683,2161 1773,2149 1863,2155 1952,2149 2042,2143 2131,2143 2221,2137 2310,2131 2400,2131"/>
                <TextEquiv>
                    <Unicode>Da ſprach ich nu gelawbſt mir</Unicode>
                </TextEquiv>
            </TextLine>
            <TextLine id="r_2_tl_8" custom="readingOrder {index:7;}">
                <Coords points="788,2301 806,2301 895,2295 985,2301 1074,2301 1164,2301 1254,2301 1343,2295 1433,2295 1522,2295 1612,2289 1701,2289 1791,2289 1881,2283 1970,2283 2060,2277 2149,2271 2239,2265 2328,2260 2328,2310 2239,2315 2149,2321 2060,2327 1970,2333 1881,2333 1791,2339 1701,2339 1612,2339 1522,2345 1433,2345 1343,2345 1254,2351 1164,2351 1074,2351 985,2351 895,2345 806,2351 788,2351"/>
                <Baseline points="788,2346 806,2346 895,2340 985,2346 1074,2346 1164,2346 1254,2346 1343,2340 1433,2340 1522,2340 1612,2334 1701,2334 1791,2334 1881,2328 1978,2364 2060,2375 2149,2352 2250,2355 2339,2344"/>
                <TextEquiv>
                    <Unicode>Daʒ ſelb ros iſt mein öhaym</Unicode>
                </TextEquiv>
            </TextLine>
            <TextLine id="r_2_tl_9" custom="readingOrder {index:8;}">
                <Coords points="806,2469 841,2486 931,2486 1021,2486 1110,2486 1200,2486 1289,2486 1379,2480 1469,2486 1558,2486 1648,2480 1737,2480 1827,2469 1916,2469 2006,2463 2096,2463 2185,2457 2275,2463 2275,2513 2185,2507 2096,2513 2006,2513 1916,2519 1827,2519 1737,2530 1648,2530 1558,2536 1469,2536 1379,2530 1289,2536 1200,2536 1110,2536 1021,2536 931,2536 841,2536 806,2519"/>
                <Baseline points="806,2514 841,2531 931,2531 1021,2531 1110,2531 1200,2531 1289,2531 1379,2525 1469,2531 1558,2531 1648,2525 1737,2525 1827,2514 1916,2514 2006,2508 2096,2508 2185,2502 2275,2508"/>
                <TextEquiv>
                    <Unicode>Alſo iſt mir geſagt dahaym</Unicode>
                </TextEquiv>
            </TextLine>
            <TextLine id="r_2_tl_10" custom="readingOrder {index:9;}">
                <Coords points="782,2666 788,2666 877,2660 967,2660 1056,2660 1146,2660 1236,2660 1325,2660 1415,2660 1504,2660 1594,2654 1683,2654 1773,2654 1863,2648 1952,2648 2042,2648 2131,2642 2221,2642 2310,2642 2310,2692 2221,2692 2131,2692 2042,2698 1952,2698 1863,2698 1773,2704 1683,2704 1594,2704 1504,2710 1415,2710 1325,2710 1236,2710 1146,2710 1056,2710 967,2710 877,2710 788,2716 782,2716"/>
                <Baseline points="782,2711 788,2711 877,2705 967,2705 1056,2705 1146,2705 1236,2705 1325,2705 1415,2705 1504,2705 1594,2699 1683,2699 1773,2699 1863,2693 1952,2693 2042,2693 2131,2687 2221,2687 2310,2687"/>
                <TextEquiv>
                    <Unicode>Daʒſelb ros vnd mein muter</Unicode>
                </TextEquiv>
            </TextLine>
            <TextLine id="r_2_tl_11" custom="readingOrder {index:10;}">
                <Coords points="788,2845 818,2845 907,2839 997,2839 1086,2839 1176,2839 1265,2833 1355,2833 1445,2827 1534,2827 1624,2827 1713,2827 1803,2827 1892,2821 1982,2821 2072,2815 2161,2803 2161,2853 2072,2865 1982,2871 1892,2871 1803,2877 1713,2877 1624,2877 1534,2877 1445,2877 1355,2883 1265,2883 1176,2889 1086,2889 997,2889 907,2889 818,2895 788,2895"/>
                <Baseline points="788,2890 818,2890 907,2884 997,2884 1086,2884 1176,2884 1265,2878 1355,2878 1445,2872 1534,2872 1624,2872 1713,2872 1803,2872 1892,2866 1982,2866 2072,2860 2161,2848"/>
                <TextEquiv>
                    <Unicode>Aʒʒen mit einander fueter</Unicode>
                </TextEquiv>
            </TextLine>
            <TextLine id="r_2_tl_12" custom="readingOrder {index:11;}">
                <Coords points="806,3036 889,3036 979,3036 1068,3030 1158,3030 1248,3030 1337,3030 1427,3024 1516,3024 1606,3024 1695,3018 1785,3012 1875,3012 1964,3006 2054,3000 2143,2994 2233,2988 2322,2988 2412,2976 2502,2976 2591,2970 2591,3020 2502,3026 2412,3026 2322,3038 2233,3038 2143,3044 2054,3050 1964,3056 1875,3062 1785,3062 1695,3068 1606,3074 1516,3074 1427,3074 1337,3080 1248,3080 1158,3080 1068,3080 979,3086 889,3086 806,3086"/>
                <Baseline points="806,3081 889,3081 979,3081 1068,3075 1158,3075 1248,3075 1337,3075 1427,3069 1516,3069 1606,3069 1695,3063 1785,3057 1875,3057 1964,3051 2054,3045 2143,3039 2233,3033 2322,3033 2412,3021 2502,3021 2591,3015"/>
                <TextEquiv>
                    <Unicode>Aws einer chrippen vnd ſein geporn</Unicode>
                </TextEquiv>
            </TextLine>
            <TextLine id="r_2_tl_13" custom="readingOrder {index:12;}">
                <Coords points="800,3239 889,3233 979,3227 1068,3227 1158,3227 1248,3227 1337,3221 1427,3221 1516,3221 1606,3215 1695,3203 1785,3203 1875,3197 1964,3191 2054,3185 2143,3179 2233,3179 2322,3173 2412,3173 2502,3167 2591,3167 2681,3161 2770,3155 2854,3143 2854,3193 2770,3205 2681,3211 2591,3217 2502,3217 2412,3223 2322,3223 2233,3229 2143,3229 2054,3235 1964,3241 1875,3247 1785,3253 1695,3253 1606,3265 1516,3271 1427,3271 1337,3271 1248,3277 1158,3277 1068,3277 979,3277 889,3283 800,3289"/>
                <Baseline points="800,3284 889,3278 979,3272 1068,3272 1158,3272 1248,3272 1337,3266 1427,3266 1516,3266 1606,3260 1695,3248 1785,3248 1875,3242 1964,3236 2054,3230 2143,3224 2233,3224 2322,3218 2412,3218 2502,3212 2591,3212 2681,3206 2770,3200 2854,3188"/>
                <TextEquiv>
                    <Unicode>Von einer müter dem chunich was ʒern</Unicode>
                </TextEquiv>
            </TextLine>
            <TextLine id="r_2_tl_14" custom="readingOrder {index:13;}">
                <Coords points="764,3406 818,3406 907,3400 997,3406 1086,3406 1176,3406 1265,3406 1355,3406 1445,3400 1534,3400 1624,3400 1713,3394 1803,3388 1892,3388 1982,3382 2072,3376 2161,3376 2251,3370 2340,3370 2430,3370 2520,3364 2520,3414 2430,3420 2340,3420 2251,3420 2161,3426 2072,3426 1982,3432 1892,3438 1803,3438 1713,3444 1624,3450 1534,3450 1445,3450 1355,3456 1265,3456 1176,3456 1086,3456 997,3456 907,3450 818,3456 764,3456"/>
                <Baseline points="764,3451 818,3451 907,3445 997,3451 1086,3451 1176,3451 1265,3451 1355,3451 1445,3445 1534,3445 1624,3445 1713,3439 1803,3433 1892,3433 1982,3427 2072,3421 2161,3421 2251,3415 2340,3415 2430,3415 2520,3409"/>
                <TextEquiv>
                    <Unicode>Vnd ſprach noch iſt mir vnbechant </Unicode>
                </TextEquiv>
            </TextLine>
            <TextLine id="r_2_tl_15" custom="readingOrder {index:14;}">
                <Coords points="776,3597 847,3603 937,3597 1027,3591 1116,3591 1206,3585 1295,3585 1385,3585 1474,3585 1564,3567 1654,3567 1743,3561 1833,3555 1922,3549 2012,3543 2101,3537 2191,3543 2191,3593 2101,3587 2012,3593 1922,3599 1833,3605 1743,3611 1654,3617 1564,3617 1474,3635 1385,3635 1295,3635 1206,3635 1116,3641 1027,3641 937,3647 847,3653 776,3647"/>
                <Baseline points="776,3642 847,3648 937,3642 1027,3636 1116,3636 1206,3630 1295,3630 1385,3630 1474,3630 1564,3612 1654,3612 1743,3606 1833,3600 1922,3594 2012,3588 2101,3582 2191,3588"/>
                <TextEquiv>
                    <Unicode>Wie dein vater sey genant</Unicode>
                </TextEquiv>
            </TextLine>
            <TextLine id="r_2_tl_16" custom="readingOrder {index:15;}">
                <Coords points="800,3788 865,3782 955,3776 1045,3776 1134,3776 1224,3770 1313,3770 1403,3764 1492,3758 1582,3746 1672,3746 1761,3740 1851,3740 1940,3735 2030,3735 2119,3735 2209,3729 2299,3729 2388,3729 2478,3729 2478,3779 2388,3779 2299,3779 2209,3779 2119,3785 2030,3785 1940,3785 1851,3790 1761,3790 1672,3796 1582,3796 1492,3808 1403,3814 1313,3820 1224,3820 1134,3826 1045,3826 955,3826 865,3832 800,3838"/>
                <Baseline points="800,3833 865,3827 955,3821 1045,3821 1134,3821 1224,3815 1313,3815 1403,3809 1492,3803 1582,3791 1672,3791 1761,3785 1851,3785 1940,3780 2030,3780 2119,3780 2209,3774 2299,3774 2388,3774 2478,3774"/>
                <TextEquiv>
                    <Unicode>Er ſprach herr geuiel ewer ſteyg</Unicode>
                </TextEquiv>
            </TextLine>
            <TextLine id="r_2_tl_17" custom="readingOrder {index:16;}">
                <Coords points="770,3973 836,3967 925,3967 1015,3961 1104,3955 1194,3949 1283,3949 1373,3944 1463,3938 1552,3938 1642,3932 1731,3926 1821,3926 1910,3926 2000,3926 2090,3920 2179,3920 2269,3914 2358,3908 2358,3958 2269,3964 2179,3970 2090,3970 2000,3976 1910,3976 1821,3976 1731,3976 1642,3982 1552,3988 1463,3988 1373,3994 1283,3999 1194,3999 1104,4005 1015,4011 925,4017 836,4017 770,4023"/>
                <Baseline points="770,4018 836,4012 925,4012 1015,4006 1104,4000 1194,3994 1283,3994 1373,3989 1463,3983 1552,3983 1642,3977 1731,3971 1821,3971 1910,3971 2000,3971 2090,3965 2179,3965 2269,3959 2358,3953"/>
                <TextEquiv>
                    <Unicode>Ye für die Stat ʒeprawnſweig</Unicode>
                </TextEquiv>
            </TextLine>
            <TextLine id="r_2_tl_18" custom="readingOrder {index:17;}">
                <Coords points="806,4158 865,4147 955,4141 1045,4135 1134,4129 1224,4123 1313,4123 1403,4117 1492,4117 1582,4117 1672,4111 1761,4111 1851,4111 1940,4111 1940,4161 1851,4161 1761,4161 1672,4161 1582,4167 1492,4167 1403,4167 1313,4173 1224,4173 1134,4179 1045,4185 955,4191 865,4197 806,4208"/>
                <Baseline points="806,4203 865,4192 955,4186 1045,4180 1134,4174 1224,4168 1313,4168 1403,4162 1492,4162 1582,4162 1672,4156 1761,4156 1851,4156 1940,4156"/>
                <TextEquiv>
                    <Unicode>Secht da ſtet ein vol</Unicode>
                </TextEquiv>
            </TextLine>
            <TextLine id="r_2_tl_19" custom="readingOrder {index:18;}">
                <Coords points="776,4338 788,4332 877,4326 967,4326 1056,4320 1146,4314 1236,4314 1325,4314 1415,4302 1504,4302 1594,4302 1683,4296 1773,4290 1863,4284 1952,4278 2042,4278 2131,4272 2131,4322 2042,4328 1952,4328 1863,4334 1773,4340 1683,4346 1594,4352 1504,4352 1415,4352 1325,4364 1236,4364 1146,4364 1056,4370 967,4376 877,4376 788,4382 776,4388"/>
                <Baseline points="776,4383 788,4377 877,4371 967,4371 1056,4365 1146,4359 1236,4359 1325,4359 1415,4347 1504,4347 1594,4347 1683,4341 1773,4335 1863,4329 1952,4323 2042,4323 2131,4317"/>
                <TextEquiv>
                    <Unicode>Des man phligt gar wol</Unicode>
                </TextEquiv>
            </TextLine>
            <TextLine id="r_2_tl_20" custom="readingOrder {index:19;}">
                <Coords points="782,4529 788,4523 877,4517 967,4517 1056,4517 1146,4511 1236,4505 1325,4499 1415,4499 1504,4493 1594,4481 1683,4475 1773,4469 1863,4463 1952,4463 2042,4457 2131,4451 2221,4445 2310,4439 2400,4433 2490,4433 2579,4421 2579,4471 2490,4483 2400,4483 2310,4489 2221,4495 2131,4501 2042,4507 1952,4513 1863,4513 1773,4519 1683,4525 1594,4531 1504,4543 1415,4549 1325,4549 1236,4555 1146,4561 1056,4567 967,4567 877,4567 788,4573 782,4579"/>
                <Baseline points="782,4574 788,4568 877,4562 967,4562 1056,4562 1146,4556 1236,4550 1325,4544 1415,4544 1504,4538 1594,4526 1683,4520 1773,4514 1863,4508 1952,4508 2042,4502 2131,4496 2221,4490 2310,4484 2400,4478 2490,4478 2579,4466"/>
                <TextEquiv>
                    <Unicode>Der gehört des lanndes herren an </Unicode>
                </TextEquiv>
            </TextLine>
            <TextLine id="r_2_tl_21" custom="readingOrder {index:20;}">
                <Coords points="764,4726 847,4720 937,4714 1027,4708 1116,4702 1206,4702 1295,4696 1385,4690 1474,4690 1564,4684 1654,4684 1743,4678 1833,4672 1922,4666 2012,4660 2101,4654 2191,4648 2281,4636 2370,4636 2460,4630 2460,4680 2370,4686 2281,4686 2191,4698 2101,4704 2012,4710 1922,4716 1833,4722 1743,4728 1654,4734 1564,4734 1474,4740 1385,4740 1295,4746 1206,4752 1116,4752 1027,4758 937,4764 847,4770 764,4776"/>
                <Baseline points="764,4771 847,4765 937,4759 1027,4753 1116,4747 1206,4747 1295,4741 1385,4735 1474,4735 1564,4729 1654,4729 1743,4723 1833,4717 1922,4711 2012,4705 2101,4699 2191,4693 2281,4681 2370,4681 2460,4675"/>
                <TextEquiv>
                    <Unicode>Vnd ist mein ohaiym als ich han</Unicode>
                </TextEquiv>
            </TextLine>
            <TextLine id="r_2_tl_22" custom="readingOrder {index:21;}">
                <Coords points="776,4905 806,4899 895,4893 985,4893 1074,4893 1164,4887 1254,4887 1343,4881 1433,4881 1522,4875 1612,4869 1701,4863 1791,4857 1881,4851 1970,4851 2060,4845 2149,4839 2239,4833 2328,4827 2418,4827 2418,4877 2328,4877 2239,4883 2149,4889 2060,4895 1970,4901 1881,4901 1791,4907 1701,4913 1612,4919 1522,4925 1433,4931 1343,4931 1254,4937 1164,4937 1074,4943 985,4943 895,4943 806,4949 776,4955"/>
                <Baseline points="776,4950 806,4944 895,4938 985,4938 1074,4938 1164,4932 1254,4932 1343,4926 1433,4926 1522,4920 1612,4914 1701,4908 1797,4936 1881,4930 1978,4927 2068,4924 2157,4926 2239,4928 2334,4922 2421,4920"/>
                <TextEquiv>
                    <Unicode>Vernomen von der müter meyn</Unicode>
                </TextEquiv>
            </TextLine>
            <TextLine id="r_2_tl_23" custom="readingOrder {index:22;}">
                <Coords points="794,5096 836,5090 925,5084 1015,5084 1104,5078 1194,5078 1283,5072 1373,5066 1463,5060 1552,5048 1642,5042 1731,5036 1821,5030 1910,5024 2000,5024 2090,5018 2179,5012 2269,5012 2358,5012 2448,5006 2537,5012 2627,5000 2717,4995 2806,4995 2806,5045 2717,5045 2627,5050 2537,5062 2448,5056 2358,5062 2269,5062 2179,5062 2090,5068 2000,5074 1910,5074 1821,5080 1731,5086 1642,5092 1552,5098 1463,5110 1373,5116 1283,5122 1194,5128 1104,5128 1015,5134 925,5134 836,5140 794,5146"/>
                <Baseline points="794,5141 836,5135 925,5129 1015,5129 1104,5123 1194,5123 1283,5117 1373,5111 1463,5105 1552,5093 1642,5087 1731,5081 1821,5075 1910,5069 2000,5069 2090,5063 2179,5057 2269,5057 2358,5057 2448,5051 2537,5057 2627,5045 2717,5040 2806,5040"/>
                <TextEquiv>
                    <Unicode>Er ſprach wie edl dein ohaym mag ſeyn</Unicode>
                </TextEquiv>
            </TextLine>
            <TextLine id="r_2_tl_24" custom="readingOrder {index:23;}">
                <Coords points="800,5287 836,5281 925,5275 1015,5275 1104,5269 1194,5263 1283,5257 1373,5257 1463,5251 1552,5245 1642,5245 1731,5233 1821,5233 1910,5227 2000,5221 2090,5215 2179,5215 2269,5215 2358,5209 2358,5259 2269,5265 2179,5265 2090,5265 2000,5271 1910,5277 1821,5283 1731,5283 1642,5295 1552,5295 1463,5301 1373,5307 1283,5307 1194,5313 1104,5319 1015,5325 925,5325 836,5331 800,5337"/>
                <Baseline points="800,5332 836,5326 925,5320 1015,5320 1104,5314 1194,5308 1283,5302 1373,5302 1463,5296 1552,5290 1642,5290 1731,5278 1821,5278 1910,5272 2000,5266 2090,5260 2179,5260 2269,5260 2358,5254"/>
                <TextEquiv>
                    <Unicode>Wie edl auch dein müter iſt</Unicode>
                </TextEquiv>
            </TextLine>
            <TextLine id="r_2_tl_25" custom="readingOrder {index:24;}">
                <Coords points="764,5460 853,5448 943,5448 1033,5448 1122,5442 1212,5442 1301,5436 1391,5436 1480,5430 1570,5424 1660,5418 1749,5418 1839,5413 1928,5413 2018,5407 2107,5401 2197,5395 2287,5395 2376,5395 2466,5395 2555,5389 2555,5439 2466,5445 2376,5445 2287,5445 2197,5445 2107,5451 2018,5457 1928,5463 1839,5463 1749,5468 1660,5468 1570,5474 1480,5480 1391,5486 1301,5486 1212,5492 1122,5492 1033,5498 943,5498 853,5498 764,5510"/>
                <Baseline points="764,5505 853,5493 943,5493 1033,5493 1122,5487 1212,5487 1301,5481 1391,5481 1480,5475 1570,5469 1660,5463 1749,5463 1839,5458 1928,5458 2018,5452 2107,5446 2197,5440 2287,5440 2376,5440 2466,5440 2555,5434"/>
                <TextEquiv>
                    <Unicode>doch wais ich nicht an diſer vriſt</Unicode>
                </TextEquiv>
            </TextLine>
            <TextLine id="r_2_tl_26" custom="readingOrder {index:25;}">
                <Coords points="806,5663 889,5651 979,5651 1068,5645 1158,5645 1248,5639 1337,5633 1427,5627 1516,5622 1606,5616 1695,5616 1785,5610 1875,5604 1964,5604 2054,5598 2143,5598 2233,5592 2322,5586 2412,5586 2412,5636 2322,5636 2233,5642 2143,5648 2054,5648 1964,5654 1875,5654 1785,5660 1695,5666 1606,5666 1516,5672 1427,5677 1337,5683 1248,5689 1158,5695 1068,5695 979,5701 889,5701 806,5713"/>
                <Baseline points="806,5708 889,5696 979,5696 1068,5690 1158,5690 1248,5684 1337,5678 1427,5672 1516,5667 1606,5661 1695,5661 1785,5655 1875,5649 1964,5649 2054,5643 2143,5643 2233,5637 2322,5631 2412,5631"/>
                <TextEquiv>
                    <Unicode>Wer auch dapey dein vater ſey</Unicode>
                </TextEquiv>
            </TextLine>
            <TextLine id="r_2_tl_27" custom="readingOrder {index:26;}">
                <Coords points="776,5836 812,5842 901,5842 991,5842 1080,5836 1170,5836 1260,5825 1349,5819 1439,5813 1528,5813 1618,5807 1707,5807 1797,5801 1887,5801 1976,5795 2066,5795 2155,5789 2245,5783 2334,5783 2424,5777 2514,5777 2514,5827 2424,5827 2334,5833 2245,5833 2155,5839 2066,5845 1976,5845 1887,5851 1797,5851 1707,5857 1618,5857 1528,5863 1439,5863 1349,5869 1260,5875 1170,5886 1080,5886 991,5892 901,5892 812,5892 776,5886"/>
                <Baseline points="776,5881 815,5923 907,5957 1011,5946 1080,5934 1192,5943 1285,5968 1377,5926 1461,5934 1564,5959 1657,5944 1752,5922 1819,5913 1929,5916 2024,5930 2122,5938 2236,5960 2307,5912 2384,5915 2487,5926 2564,5911"/>
                <TextEquiv>
                    <Unicode>Er ſwaig do ſtund ein fuchs dapey</Unicode>
                </TextEquiv>
            </TextLine>
            <TextEquiv>
                <Unicode>Cham daz mawl der chunich ſprach
Sag mir wie piſtu genant
Er ſprach ey herr wie iſt euch wechant 
Dez ritters ros in der Stat
Geſeʒʒen iſt zu wacharat
Vnd iſt genant her goldemir
Da ſprach ich nu gelawbſt mir
Daʒ ſelb ros iſt mein öhaym
Alſo iſt mir geſagt dahaym
Daʒſelb ros vnd mein muter
Aʒʒen mit einander fueter
Aws einer chrippen vnd ſein geporn
Von einer müter dem chunich was ʒern
Vnd ſprach noch iſt mir vnbechant 
Wie dein vater sey genant
Er ſprach herr geuiel ewer ſteyg
Ye für die Stat ʒeprawnſweig
Secht da ſtet ein vol
Des man phligt gar wol
Der gehört des lanndes herren an 
Vnd ist mein ohaiym als ich han
Vernomen von der müter meyn
Er ſprach wie edl dein ohaym mag ſeyn
Wie edl auch dein müter iſt
doch wais ich nicht an diſer vriſt
Wer auch dapey dein vater ſey
Er ſwaig do ſtund ein fuchs dapey</Unicode>
            </TextEquiv>
        </TextRegion>
    </Page>
</PcGts>
