5217 7620
1535 882 3102 1152 Sogtaner haẏmleicher wert •
1620 1108 2907 1331 Von der gewiʒʒen erſwert
1595 1218 3345 1512 Manige ſich doch ſo gar verſcheͣmen
1562 1413 3102 1683 Das ſy für ewige ſeld nemen
1656 1623 3185 1879 Weltleichs geluſstes honiglein
1667 1769 3204 2050 Vnd darnach haben ewige pein
1876 1953 3171 2221 DAuon hat ſand gregorius
1813 2116 3458 2408 An einer ſtat geſprochen alſus
1636 2289 3361 2568 Wo wart ye groʒʒer tor von ſynne •
1670 2457 3380 2714 Wann der durch weltleiche mynne •
1634 2620 3234 2849 Oder durch ein churcʒ wolluſt •
1631 2788 3300 3088 Sich pindet indie ewigen verluſt •
1636 2956 3199 3237 Wer nü den herren dienen chan
1614 3108 3099 3389 An ſünd der iſt ein ſalig man
1598 3273 3620 3554 Doch hilft offt manigen ſein vraidichait •
1634 3471 3091 3711 Vil mer wann ſein heẏlichait •
1598 3634 3188 3907 Gen den herren die ſelber ſind
1634 3802 3008 4047 Fraidig vnd gen got plint •
1628 3953 3375 4259 Vil manigen reichen herrn ich vind
1603 4163 3047 4436 Der gern hiet ſchon geſind •
1595 4350 3361 4582 Die awʒʒen gaukehouchſen fürten
1606 4507 3824 4780 Wann ſy ir wedorfften vnd ſew nicht weraten
1562 4681 2807 4920 Ir ſpeis noch ir gewant
1603 4849 2997 5102 Nach wem haben ſy geſant
1634 5020 3188 5265 Chainen herren das wol ʒimpt
1601 5193 3270 5477 Das er ſein arm lewten nympt
1548 5350 3146 5590 Ir güt mer dann in ʒu recht
1579 5532 3289 5769 Werden ſchol vnd mit geprechte •
1562 5711 3364 5932 Daʒ vercʒert peẏ reichen lewten
1537 5854 3546 6138 Durch weltleich er vnd vinger dewten
