5208 7667
1737 1143 3660 1217 Vnd nyemant wais wie langs wert
1743 1310 3672 1378 Wir ſein hewer chrencher wann vert
1761 1495 3343 1557 Was die iungen von den alten
1737 1668 3648 1742 Sehen oder hörn das würd wehaltn
1761 1853 3087 1933 Ffurpas in ein ander iar
1767 2027 3337 2118 Es ſey gelogen das iſt war
1707 2224 3558 2303 Dauon weͣr gut das altew lewt
1731 2415 3194 2489 Wol gezogen wern hewt
1725 2612 3576 2680 Getrew vnd warhait vor den iu̅gen
1713 2791 3152 2853 Die vor nach eren rungen
1695 2964 3505 3032 Jn ſlechter fuer an gleichſenhait
1731 3149 3319 3223 Vnd täten ir lewten ſelten lait
1737 3340 3546 3438 So iſt nü maniger ſam ein engl
1725 3531 3576 3593 Der in der hell ein gallgen ſwengl
1725 3704 3630 3796 Wirt des tewfels wann er geſtirbt
1725 3895 3439 3999 Vnd vor nicht gots will erwirbt
1701 4069 3439 4160 Gibſt du den herrn er vnd güt
1725 4290 3582 4357 So wellen ſy haben tratʒen mut
1743 4481 3349 4555 Sind ſy gewaltig auf erden
1725 4672 3702 4770 So wellent ſy werden wunderleich
1707 4869 3122 4955 Läſt du guts in ʒerinnen
1731 5060 3827 5182 So wellen ſy chomen von iren ſynnen
1713 5245 3875 5349 Von laid vnd von mangerlay getrechte
1713 5430 3248 5522 Wer lebt nu auf ſo rechte
1683 5621 3314 5713 Herr an eren iſt nu geleich
1683 5812 3409 5904 Herr mit eren iſt tugentleich
1695 6003 3242 6071 Herr pey ern er pey herͬen
