5182 7603
966 724 2741 1028 Er was auch geʒirret gar wol
978 868 2812 1202 Wann er ſtund hechter plued vol
984 1115 2762 1321 Imhalb vnder dem pawm was
986 1271 2834 1488 hechte plumen vnd ſchones gras
978 1395 2679 1740 Da pey ſtund ein wilder dorn
960 1549 2894 1840 Der het ym ein ſtat awserchorn
860 1744 2330 2090 Pey dem ſtund ein lach
996 1908 2255 2168 Wizzt das mainet ſach
984 2071 2697 2328 Da pey ſtund auch ein prunn
984 2276 2291 2489 Da was michel wunn
990 2354 2852 2747 Auf dem pawm ſingn vogelein
1014 2559 2894 2836 Was mocht wunnichleicher ſein
882 2729 2984 3222 Do der pawm den ich do ſach
1292 2843 3139 3297 Auf der haid als ich da ſprach
1032 3102 2540 3453 Seiner plued ward an
1002 3281 2506 3591 Do ward er geladn ſchon
1002 3433 2822 3716 Mit maniger piren das iſt war
1011 3625 2945 3858 Ee dann die ʒeitig wurden gar
1014 3732 2864 4017 Ain tail wurden ir geprochen ab
1020 3834 3107 4172 Die laʒʒen wir beleiben wer die hab
1050 4049 2578 4363 Wem der ſawren eine ward
1014 4239 2661 4494 Den weraw villeicht die vart
1020 4437 2747 4656 Der andern piren was genug
1038 4541 2845 4817 Wieuil das weter an ſein ſlug
997 4717 2834 4997 Doch envolten ſew nicht vallen
1043 4950 2333 5198 Vntz das ſv ʒeitig alle
1050 5051 2607 5309 Mit einander wurden gar
858 5138 2912 5507 Doch chom ein wint gevlogn dar
884 5474 2434 5688 Der iſt furwitʒ genant
776 5535 3156 5966 In haben die junkfrawn wol erchant
