5117 7551
1349 855 3330 981 Vnd auch die frawn vber alle lant
1343 991 3133 1118 Der ſchutt den pawm ſoczuhant
1337 1159 2680 1288 So recht wunderleiche
1337 1308 2572 1437 Das die piren geleiche
1343 1467 2614 1599 Dauon wegundn valln
1343 1628 2733 1767 Mit laub auch mit allen
1337 1771 2906 1928 Ein tail ir in die lakch cham
1313 1932 2996 2077 Nyemant ſew daraws gewan
1331 2093 3062 2238 Ir viel ein tail in den prunen
1319 2260 3092 2387 Die weliben auch vngewunen
1337 2418 3157 2559 Ein tail viel ir auch in die dorn
1337 2585 3318 2703 Mich tuncht ſew ſein auch verlorn
1337 2738 3109 2859 Wann ſew muezzn fawln daran
1337 2911 2936 3032 Nicht wol man bewarn chan
1319 3059 2948 3197 Jr viel ein tail auf das gras
1313 3209 2817 3340 Die lagen wie vil der was
1313 3353 2841 3504 Allain das weter in tet we
1295 3509 2781 3677 Doch verdurben ene vil ee
1295 3657 2680 3832 Die lagen an pöſer ſtat
1307 3824 3169 3993 Als man euch vor weſchaidn hat
1425 4266 2889 4431 Nv merchet Junge lewt
1593 4427 3032 4590 Was der pawm bedewt
1295 4582 3318 4760 Der dorn vnd auch das grüne gras
1283 4772 3217 4928 Vnd was mer auf der haide was
1294 4934 2625 5066 Do got gewalts reich
1277 5114 2351 5259 Ʒü lob ſunderleich
1295 5275 2698 5419 Adam weſchuff von erden
1265 5439 2704 5580 Dartzü müzz wir werden
1259 5606 2316 5741 Do lag er allain
1259 5747 2698 5975 Den gleich ich dem fain
