5172 7696
1716 820 3437 1125 Vnd ſind doch liſtig auf erden
1673 1048 3456 1248 wie ſi reich vnd reicher werden
1914 1192 3522 1448 Die chrot tar nicht der erden
1791 1318 3880 1630 Vol werden wann ſi ſich verchert
1678 1529 2801 1732 Daʒ ir der ʒerinne
1668 1708 3426 1983 Alſo ſtennt deʒ geitigen ſinne
1684 1908 3397 2138 Er getar dʒ ſelbn̅ daʒ er hat
1692 2055 3055 2288 Selten immer wern̅ ſa̅t
1932 2234 3375 2480 Dauon tut er alʒ der han
1943 2397 3576 2713 Der ſol vil icht gehabn̅ chan
1718 2675 3725 2926 Von waicʒ von habern von chorn
1694 2897 3739 3172 Er chracʒ er ſchert mit ſeinem ſporn̅
1726 3068 3619 3365 Vncʒ daʒ er chumpt ʒw der erden
1724 3282 3672 3552 ʒẅ der mir all müſſen werden
1750 3458 3677 3744 Welich menſch nicht gewiſſen hat
1737 3696 3204 3926 Der fleucht chain miſſtat
1740 3899 3391 4180 Wer ain chlain dewphait tüt
1737 4116 3779 4402 Der ſtal auch leichter ein groſſer güt
1750 4337 3608 4621 Wer geitig iſt auf chlaine orter
1742 4562 3870 4824 Wie geitig wer der auf groſſem hört
1737 4765 3750 5051 Waʒ wunſch wil man erger gebn̅
1759 4917 3458 5241 Den geitigen daʒ ſi lang leben
1708 5171 3771 5444 So mert ſich tag vnd nacht ir pein
1729 5353 3883 5671 Waʒ marter mocht hie groſſer ſein
1750 5604 3768 5930 Deʒ nachts mag er nicht ſlaffen
1713 5826 3763 6160 Deʒ tags ſchreit ſein hertʒ waffen
