5182 7603
926 679 2668 1081 Auf den steig manig gedankch
932 934 2347 1198 Wen Sy nemen oder nicht
923 1132 2282 1387 O wie offt das geſchiecht
889 1247 2780 1548 Das ir genug peſiczen von der wal
920 1470 2150 1720 Die Sy haben an ʒal
891 1528 2852 2069 DAs iſt ʒum erſten ir gedankch
1275 1731 2835 2061 Der iſt churcz ener iſt lankch
952 1963 2227 2284 Ainer iſt puklot vnd alt
917 2130 2743 2451 Der ander jung vnd ubel geſtalt
906 2333 2620 2631 Der dritt iſt maniger vnd chal
949 2476 2746 2789 Der vierd iſt vaiſt der funft ſmal
937 2648 2840 3001 Der ſechst iſt edel der ſybend ſwach
954 2815 2757 3124 Der acht ſelten ye ſper ʒu prach
975 3001 2932 3296 Ainer iſt weis der ander iſt ſwarcz
992 3202 2562 3505 So haiſt ainer maiſter hartz
977 3376 2568 3654 Der iſt plaich der vierd rott
972 3482 3285 3818 Der funfft iſt iʒʒt ſelten vroleich ſein prot
960 3695 2901 3981 Der ſechſt iſt aygen der ſybent vrey
1018 3912 2347 4179 Wolt der dem lag ich pey
992 4036 3012 4374 Der acht iſt reich der newnt iſt arm
980 4228 2734 4514 Der chumpt nicht an meine arm
997 4474 2668 4712 Ainer iſt des leibs gar ein ʒag
989 4589 2551 4927 Der ander iſt ein pöſer chrag
1026 4764 2812 5133 Ainer iſt mir lieb dem pin ich laid
1026 4970 2528 5294 Das machet ſein vnſtetichait
1040 5148 2863 5449 Ainer get greycund als ein hunt
1038 5311 3150 5632 Dem andern nye cham ʒucht ward chunt
1035 5520 2944 5896 Der dritt iſt edel vnd gar ein ſlunt
