5220 7620
1479 965 2988 1294 Den frawn Eua wer dem will
1550 1199 2692 1444 Volgen der manig ʒil
1547 1329 3167 1664 Diſer chrancher ʒweyfleicher ſit
1544 1561 2972 1748 Wonet vnſtaten lewten mit
1468 1702 3211 1955 Nü haben die herrn̄ mit ir phlicht
1522 1879 2977 2132 Als man dikch hort vnd ſicht
1528 2055 3717 2306 Das manig man verlewſet groʒʒen airbait
1544 2262 3118 2474 Die er an ſogetan herrn lait
1544 2422 2893 2678 Wiʒʒt er iſt ein ſalig man
1528 2586 3230 2860 Der gut mit got gewinnē chan
1555 2735 2876 2980 Vnd dem lant mit trewen
1547 2917 3265 3203 Den ſchol ſein airbait nicht rewen
1533 3116 2934 3390 Wann furwicʒ vnd affen rat
1577 3301 2923 3529 Selten lant gewūnen hat
1843 3475 3344 3763 DAs weweͣrt wol chunig Roboan
1732 3670 3428 3978 Der rat von iungen toren nam
1547 3744 2909 4089 Vnd ſein alten rat verſlueg
1544 4016 3181 4364 Des gewan er ſey vnſald genüg
1542 4203 2942 4461 Des im ſein reint ieroboam
1550 4366 3404 4657 An lewten an güt an eren vil benam
1555 4568 3159 4826 Des was ſein frewd ſelten ſtat
1571 4720 3205 4994 Wie wol er ſechʒig tochter het
1582 4872 3309 5171 Vnd anʒwendreiʒʒig Sün auf erden
1558 5098 3320 5340 Wer gern ein piderman wil werden
1522 5274 2792 5522 Der volg weiſer lewt ler
1531 5451 3105 5698 Pey torn iſt weder trew noch er
1561 5636 3393 5875 Solt weiſhait auf ſein geerbt auf in
1552 5796 3453 6120 So weͣr einen beliben ſeins vater ſin
