5208 7667
1659 1063 3588 1220 Das gots lieb ſchir wirt vergeʒʒen
1785 1253 3206 1397 So mit ſargen ſind weſeʒʒen
1767 1426 3302 1576 Vnd hat ein man ʒway chindelein
1749 1609 3319 1750 Der mag an ſarg nicht geſein
1761 1784 3081 1946 Daz er ſich damit ernert
1761 1965 3099 2099 Der dann ein michel her
1731 2137 3116 2288 Geſindes auf ym ligen hat
1785 2341 3463 2492 Wie ſchol der ſarg im werden rat
1785 2532 3839 2683 Wie manig menſch ir deʒ jar genewʒʒet
1791 2717 3648 2874 Armig doch irs lebens verdrewʒʒet
1761 2914 3737 3077 Die lant noch dikch nach yn verderben
1809 3117 3415 3268 Wo ſeͣlig lanndes herren ſterben
1785 3326 3606 3471 Got mus ſich vber ſich erparmen
1797 3523 3767 3668 Durch ſein gut vnd vber vns armen
2269 4001 3499 4170 Och ſind ainerlay lewt
2257 4186 4024 4330 Die man pawern volkch haiʒʒt hewt
2263 4368 4000 4515 Der maniger gar tratzmütig weͣr
1821 4550 3403 4713 Weͣrn ym herrn nicht zu ſweͣr
1833 4741 3415 4904 So mocht man manigen vinden
1791 4914 3325 5083 Pen der hochuart vngeſinde
2048 5108 3457 5261 In ein dorff cham ich geriten
2036 5293 3887 5464 Da lagen die pawern nach iren ſiten
1833 5494 3743 5650 Pey irn gemächen auf irn gewanden
1779 5685 3696 5847 Zu irn haubten ſaʒʒen ir thannen
1809 5864 3493 6039 Die mit vleis tierlein ſuechten
