5172 7696
2538 1216 4564 1599 ch gedenkch noch daʒ ich zwaine mal ſaʒ
2551 1514 4112 1757 Peÿ thunig adolfs tiſch vnd aʒ
2582 1660 4043 1928 Da goz man wein hin alʒ pach
1872 1857 3557 2140 Daʒ tet mir wee da ich daʒ ſach
1849 2048 3271 2268 der tiſch richt mich verdros
1839 2237 3246 2498 Da vor meinen füſſen flös
1821 2378 3407 2646 Der wein alʒ vberwelt ein prann
1849 2549 3218 2773 Eya gedacht ich liebe ſunn
1854 2717 3619 2962 Wie offt direben dein warmer ſchein
1839 2858 3379 3085 Hat erfrewet auf dem der wein
1828 3034 3542 3266 Gewachſen iſt der vor mir fleuſſt
1857 3169 3450 3422 Deʒ layder hie nieman geneuſſt
1821 3351 3626 3631 Den manig arm menſch vor der tür
1839 3534 3537 3803 Gern auf vieng dorſſt eʒ hin für
1844 3713 3690 3989 Prot vnd ſpeis wart uil verſtreẅt
1867 3902 3915 4152 Mit dem manig arm menſch wefrewt
1867 4040 3307 4275 Von ſogetaner vnmeſſichait
1851 4211 3665 4438 Chumpt ſtewr pet vnd geitichatt
1864 4375 3762 4615 Wie got lieb hat vnd meſſig wer
1874 4553 3843 4824 Manig ſtewr pot er deʒ Jars verper
1869 4699 3813 5000 Wann maſſ iſt ʒẅ allen dingen gut
