<?xml version="1.0" encoding="UTF-8" standalone="yes"?>
<PcGts xmlns="http://schema.primaresearch.org/PAGE/gts/pagecontent/2013-07-15" xmlns:xsi="http://www.w3.org/2001/XMLSchema-instance" xsi:schemaLocation="http://schema.primaresearch.org/PAGE/gts/pagecontent/2013-07-15 http://schema.primaresearch.org/PAGE/gts/pagecontent/2013-07-15/pagecontent.xsd">
    <Metadata>
        <Creator>Transkribus</Creator>
        <Created>2024-11-08T12:45:54.186+01:00</Created>
        <LastChange>2024-12-18T16:43:06.428+01:00</LastChange>
        <TranskribusMetadata docId="5062960" pageId="82720528" pageNr="46" tsid="213510335" status="DONE" userId="307103" imgUrl="https://files.transkribus.eu/Get?id=UMYPKSDHMHIWROPFAPNZQUNB&amp;fileType=view" xmlUrl="https://files.transkribus.eu/Get?id=ESJZGBIMWSUVNDWIAQBNYPNE" imageId="68066260"/>
    </Metadata>
    <Page imageFilename="Renner Cod. 2810-0046.jpeg" imageWidth="5086" imageHeight="7560">
        <ReadingOrder>
            <OrderedGroup id="ro_1734603015289" caption="Regions reading order">
                <RegionRefIndexed index="0" regionRef="tr_1"/>
            </OrderedGroup>
        </ReadingOrder>
        <TextRegion orientation="0.0" id="tr_1" custom="readingOrder {index:0;}">
            <Coords points="561,940 561,6015 2967,6015 2967,940"/>
            <TextLine id="tr_1_tl_1" custom="readingOrder {index:0;}">
                <Coords points="680,1123 782,1121 884,1117 987,1114 1089,1111 1192,1111 1294,1105 1397,1105 1499,1105 1602,1102 1704,1099 1806,1099 1909,1099 2011,1093 2114,1093 2216,1092 2319,1085 2421,1079 2524,1072 2626,1070 2729,1070 2729,940 2626,940 2524,942 2421,949 2319,955 2216,962 2114,963 2011,963 1909,969 1806,969 1704,969 1602,972 1499,975 1397,975 1294,975 1192,981 1089,981 987,984 884,987 782,991 680,993"/>
                <Baseline points="680,1080 782,1078 884,1074 987,1071 1089,1068 1192,1068 1294,1062 1397,1062 1499,1062 1602,1059 1704,1056 1806,1056 1909,1056 2011,1050 2114,1050 2216,1049 2319,1042 2421,1036 2524,1029 2626,1027 2729,1027"/>
                <TextEquiv>
                    <Unicode>Vorcht er nicht das er ſein ſchand hiet</Unicode>
                </TextEquiv>
            </TextLine>
            <TextLine id="tr_1_tl_2" custom="readingOrder {index:1;}">
                <Coords points="692,1312 778,1308 864,1306 950,1303 1037,1301 1123,1298 1209,1292 1296,1289 1382,1289 1468,1289 1555,1289 1641,1289 1727,1287 1813,1283 1900,1282 1986,1277 2072,1276 2159,1270 2245,1265 2331,1265 2418,1271 2418,1147 2331,1141 2245,1141 2159,1146 2072,1152 1986,1153 1900,1158 1813,1159 1727,1163 1641,1165 1555,1165 1468,1165 1382,1165 1296,1165 1209,1168 1123,1174 1037,1177 950,1179 864,1182 778,1184 692,1188"/>
                <Baseline points="692,1271 778,1267 864,1265 950,1262 1037,1260 1123,1257 1209,1251 1296,1248 1382,1248 1468,1248 1555,1248 1641,1248 1727,1246 1813,1242 1900,1241 1986,1236 2072,1235 2159,1229 2245,1224 2331,1224 2418,1230"/>
                <TextEquiv>
                    <Unicode>Vnd edler herrn weſchaidenhait</Unicode>
                </TextEquiv>
            </TextLine>
            <TextLine id="tr_1_tl_3" custom="readingOrder {index:2;}">
                <Coords points="692,1480 792,1486 892,1486 992,1486 1092,1480 1192,1480 1292,1480 1392,1477 1492,1474 1592,1470 1692,1468 1792,1462 1892,1456 1992,1455 2092,1450 2192,1450 2292,1450 2392,1450 2492,1450 2592,1450 2693,1456 2693,1332 2592,1326 2492,1326 2392,1326 2292,1326 2192,1326 2092,1326 1992,1331 1892,1332 1792,1338 1692,1344 1592,1346 1492,1350 1392,1353 1292,1356 1192,1356 1092,1356 992,1362 892,1362 792,1362 692,1356"/>
                <Baseline points="692,1439 792,1445 892,1445 992,1445 1092,1439 1192,1439 1292,1439 1392,1436 1492,1433 1592,1429 1692,1427 1792,1421 1892,1415 1992,1414 2092,1409 2192,1409 2292,1409 2392,1409 2492,1409 2592,1409 2693,1415"/>
                <TextEquiv>
                    <Unicode>An worten an werchen an rainichait </Unicode>
                </TextEquiv>
            </TextLine>
            <TextLine id="tr_1_tl_4" custom="readingOrder {index:3;}">
                <Coords points="680,1679 769,1679 858,1678 947,1673 1036,1672 1125,1667 1214,1666 1303,1661 1392,1661 1481,1655 1570,1655 1659,1649 1748,1649 1837,1649 1926,1643 2015,1637 2104,1637 2193,1631 2282,1625 2371,1625 2460,1619 2460,1489 2371,1495 2282,1495 2193,1501 2104,1507 2015,1507 1926,1513 1837,1519 1748,1519 1659,1519 1570,1525 1481,1525 1392,1531 1303,1531 1214,1536 1125,1537 1036,1542 947,1543 858,1548 769,1549 680,1549"/>
                <Baseline points="680,1636 769,1636 858,1635 947,1630 1036,1629 1125,1624 1214,1623 1303,1618 1392,1618 1481,1612 1570,1612 1659,1606 1748,1606 1837,1606 1926,1600 2015,1594 2104,1594 2193,1588 2282,1582 2371,1582 2460,1576"/>
                <TextEquiv>
                    <Unicode>Lieber was dann gold vnd ſeyden</Unicode>
                </TextEquiv>
            </TextLine>
            <TextLine id="tr_1_tl_5" custom="readingOrder {index:4;}">
                <Coords points="716,1888 795,1882 875,1876 955,1871 1034,1865 1114,1860 1194,1858 1273,1856 1353,1852 1433,1852 1513,1851 1592,1846 1672,1846 1752,1841 1831,1836 1911,1834 1991,1834 2070,1832 2150,1828 2230,1828 2310,1828 2310,1698 2230,1698 2150,1698 2070,1702 1991,1704 1911,1704 1831,1706 1752,1711 1672,1716 1592,1716 1513,1721 1433,1722 1353,1722 1273,1726 1194,1728 1114,1730 1034,1735 955,1741 875,1746 795,1752 716,1758"/>
                <Baseline points="716,1845 795,1839 875,1833 955,1828 1034,1822 1114,1817 1194,1815 1273,1813 1353,1809 1433,1809 1513,1808 1592,1803 1672,1803 1752,1798 1831,1793 1911,1791 1991,1791 2070,1789 2150,1785 2230,1785 2310,1785"/>
                <TextEquiv>
                    <Unicode>Secht do muſten erſt meiden</Unicode>
                </TextEquiv>
            </TextLine>
            <TextLine id="tr_1_tl_6" custom="readingOrder {index:5;}">
                <Coords points="710,2103 796,2088 882,2081 968,2075 1054,2069 1140,2063 1226,2058 1312,2052 1398,2046 1484,2040 1570,2037 1656,2035 1742,2029 1828,2025 1914,2024 2000,2018 2086,2012 2172,2007 2258,2007 2344,2001 2430,2007 2430,1877 2344,1871 2258,1877 2172,1877 2086,1882 2000,1888 1914,1894 1828,1895 1742,1899 1656,1905 1570,1907 1484,1910 1398,1916 1312,1922 1226,1928 1140,1933 1054,1939 968,1945 882,1951 796,1958 710,1973"/>
                <Baseline points="710,2060 796,2045 882,2038 968,2032 1054,2026 1140,2020 1226,2015 1312,2009 1398,2003 1484,1997 1570,1994 1656,1992 1742,1986 1828,1982 1914,1981 2000,1975 2086,1969 2172,1964 2258,1964 2344,1958 2430,1964"/>
                <TextEquiv>
                    <Unicode>Schelkch vnd auch in rat geben</Unicode>
                </TextEquiv>
            </TextLine>
            <TextLine id="tr_1_tl_7" custom="readingOrder {index:6;}">
                <Coords points="692,2280 781,2279 870,2268 959,2262 1049,2256 1138,2256 1227,2256 1317,2250 1406,2244 1495,2232 1585,2232 1674,2220 1763,2214 1852,2214 1942,2208 2031,2202 2120,2196 2210,2190 2299,2190 2388,2190 2478,2196 2478,2072 2388,2066 2299,2066 2210,2066 2120,2072 2031,2078 1942,2084 1852,2090 1763,2090 1674,2096 1585,2108 1495,2108 1406,2120 1317,2126 1227,2132 1138,2132 1049,2132 959,2138 870,2144 781,2155 692,2156"/>
                <Baseline points="692,2239 781,2238 870,2227 959,2221 1049,2215 1138,2215 1227,2215 1317,2209 1406,2203 1495,2191 1585,2191 1674,2179 1763,2173 1852,2173 1942,2167 2031,2161 2120,2155 2220,2158 2308,2153 2388,2159 2497,2149"/>
                <TextEquiv>
                    <Unicode>Der herrn hoff vnd auch ir leben</Unicode>
                </TextEquiv>
            </TextLine>
            <TextLine id="tr_1_tl_8" custom="readingOrder {index:7;}">
                <Coords points="704,2447 784,2447 864,2447 944,2443 1025,2437 1105,2435 1185,2432 1266,2427 1346,2423 1426,2422 1507,2417 1587,2411 1667,2406 1747,2405 1828,2401 1908,2399 1988,2397 2069,2393 2149,2393 2229,2394 2310,2399 2310,2275 2229,2270 2149,2269 2069,2269 1988,2273 1908,2275 1828,2277 1747,2281 1667,2282 1587,2287 1507,2293 1426,2298 1346,2299 1266,2303 1185,2308 1105,2311 1025,2313 944,2319 864,2323 784,2323 704,2323"/>
                <Baseline points="704,2406 784,2406 864,2406 944,2402 1025,2396 1105,2394 1185,2391 1266,2386 1346,2382 1426,2381 1507,2376 1587,2370 1667,2365 1747,2364 1828,2360 1908,2358 1988,2356 2069,2352 2149,2352 2229,2353 2310,2358"/>
                <TextEquiv>
                    <Unicode>Seit hat es ſich als verchert</Unicode>
                </TextEquiv>
            </TextLine>
            <TextLine id="tr_1_tl_9" custom="readingOrder {index:8;}">
                <Coords points="668,2646 774,2646 880,2646 986,2646 1093,2634 1199,2634 1305,2631 1411,2623 1518,2616 1624,2604 1730,2602 1836,2598 1943,2598 2049,2593 2155,2592 2261,2591 2368,2586 2474,2586 2580,2586 2687,2592 2687,2462 2580,2456 2474,2456 2368,2456 2261,2461 2155,2462 2049,2463 1943,2468 1836,2468 1730,2472 1624,2474 1518,2486 1411,2493 1305,2501 1199,2504 1093,2504 986,2516 880,2516 774,2516 668,2516"/>
                <Baseline points="668,2603 774,2603 880,2603 986,2603 1093,2591 1199,2591 1305,2588 1411,2580 1518,2573 1624,2561 1730,2559 1836,2555 1943,2555 2049,2550 2155,2549 2261,2548 2368,2543 2474,2543 2580,2543 2687,2549"/>
                <TextEquiv>
                    <Unicode>Das ſelten da yemant wirt gewert</Unicode>
                </TextEquiv>
            </TextLine>
            <TextLine id="tr_1_tl_10" custom="readingOrder {index:9;}">
                <Coords points="656,2837 741,2842 826,2838 911,2842 996,2839 1082,2837 1167,2833 1252,2831 1337,2828 1422,2825 1508,2822 1593,2814 1678,2805 1763,2801 1848,2800 1934,2794 2019,2788 2104,2782 2189,2777 2275,2783 2275,2653 2189,2647 2104,2652 2019,2658 1934,2664 1848,2670 1763,2671 1678,2675 1593,2684 1508,2692 1422,2695 1337,2698 1252,2701 1167,2703 1082,2707 996,2709 911,2712 826,2708 741,2712 656,2707"/>
                <Baseline points="656,2794 741,2799 826,2795 911,2799 996,2796 1082,2794 1167,2790 1252,2788 1337,2785 1422,2782 1508,2779 1593,2771 1678,2762 1763,2758 1848,2757 1934,2751 2019,2745 2104,2739 2189,2734 2275,2740"/>
                <TextEquiv>
                    <Unicode>Der nicht ſiben ʒungen hat</Unicode>
                </TextEquiv>
            </TextLine>
            <TextLine id="tr_1_tl_11" custom="readingOrder {index:10;}">
                <Coords points="680,3052 738,3049 797,3045 856,3041 915,3043 974,3045 1033,3041 1091,3035 1150,3028 1209,3028 1268,3028 1327,3027 1386,3024 1445,3020 1503,3016 1562,3012 1621,3010 1680,3010 1739,3010 1798,3012 1857,3016 1857,2886 1798,2882 1739,2880 1680,2880 1621,2880 1562,2882 1503,2886 1445,2890 1386,2894 1327,2897 1268,2898 1209,2898 1150,2898 1091,2905 1033,2911 974,2915 915,2913 856,2911 797,2915 738,2919 680,2922"/>
                <Baseline points="680,3009 738,3006 797,3002 856,2998 915,3000 974,3002 1033,2998 1091,2992 1150,2985 1209,2985 1268,2985 1327,2984 1386,2981 1445,2977 1503,2973 1562,2969 1621,2967 1680,2967 1739,2967 1798,2969 1857,2973"/>
                <TextEquiv>
                    <Unicode>Von ſogetaner unſtat</Unicode>
                </TextEquiv>
            </TextLine>
            <TextLine id="tr_1_tl_12" custom="readingOrder {index:11;}">
                <Coords points="692,3237 774,3234 856,3231 938,3231 1020,3229 1102,3225 1184,3224 1266,3219 1348,3219 1430,3214 1513,3208 1595,3203 1677,3201 1759,3201 1841,3198 1923,3193 2005,3190 2087,3189 2169,3184 2251,3184 2334,3184 2334,3054 2251,3054 2169,3054 2087,3059 2005,3060 1923,3063 1841,3068 1759,3071 1677,3071 1595,3073 1513,3078 1430,3084 1348,3089 1266,3089 1184,3094 1102,3095 1020,3099 938,3101 856,3101 774,3104 692,3107"/>
                <Baseline points="692,3194 774,3191 856,3188 938,3188 1020,3186 1102,3182 1184,3181 1266,3176 1348,3176 1430,3171 1513,3165 1595,3160 1677,3158 1759,3158 1841,3155 1923,3150 2005,3147 2087,3146 2169,3141 2251,3141 2334,3141"/>
                <TextEquiv>
                    <Unicode>Stet mordotheus vor der tür</Unicode>
                </TextEquiv>
            </TextLine>
            <TextLine id="tr_1_tl_13" custom="readingOrder {index:12;}">
                <Coords points="680,3428 763,3428 846,3427 929,3421 1013,3416 1096,3416 1179,3410 1263,3405 1346,3404 1429,3400 1513,3399 1596,3399 1679,3396 1762,3390 1846,3385 1929,3381 2012,3379 2096,3374 2179,3369 2262,3369 2346,3363 2346,3233 2262,3239 2179,3239 2096,3244 2012,3249 1929,3251 1846,3255 1762,3260 1679,3266 1596,3269 1513,3269 1429,3270 1346,3274 1263,3275 1179,3280 1096,3286 1013,3286 929,3291 846,3297 763,3298 680,3298"/>
                <Baseline points="680,3385 763,3385 846,3384 929,3378 1013,3373 1096,3373 1179,3367 1263,3362 1346,3361 1429,3357 1513,3356 1596,3356 1679,3353 1762,3347 1846,3342 1929,3338 2012,3336 2096,3331 2179,3326 2262,3326 2346,3320"/>
                <TextEquiv>
                    <Unicode>So Judas davon gend herfur</Unicode>
                </TextEquiv>
            </TextLine>
            <TextLine id="tr_1_tl_14" custom="readingOrder {index:13;}">
                <Coords points="662,3613 737,3608 812,3608 887,3608 963,3608 1038,3608 1113,3608 1188,3608 1264,3608 1339,3608 1414,3604 1489,3602 1565,3602 1640,3601 1715,3596 1790,3591 1866,3586 1941,3581 2016,3578 2091,3575 2167,3560 2167,3430 2091,3445 2016,3448 1941,3451 1866,3456 1790,3461 1715,3466 1640,3471 1565,3472 1489,3472 1414,3474 1339,3478 1264,3478 1188,3478 1113,3478 1038,3478 963,3478 887,3478 812,3478 737,3478 662,3483"/>
                <Baseline points="662,3570 737,3565 812,3565 887,3565 963,3565 1038,3565 1113,3565 1188,3565 1264,3565 1339,3565 1414,3561 1489,3559 1565,3559 1640,3558 1715,3553 1790,3548 1866,3543 1941,3538 2016,3535 2091,3532 2167,3517"/>
                <TextEquiv>
                    <Unicode>Die ſchon ainualtig heſter</Unicode>
                </TextEquiv>
            </TextLine>
            <TextLine id="tr_1_tl_15" custom="readingOrder {index:14;}">
                <Coords points="632,3834 705,3814 778,3811 851,3810 924,3805 998,3801 1071,3796 1144,3793 1217,3793 1290,3793 1364,3788 1437,3787 1510,3787 1583,3787 1656,3786 1730,3781 1803,3777 1876,3772 1949,3769 2022,3767 2096,3757 2096,3627 2022,3637 1949,3639 1876,3642 1803,3647 1730,3651 1656,3656 1583,3657 1510,3657 1437,3657 1364,3658 1290,3663 1217,3663 1144,3663 1071,3666 998,3671 924,3675 851,3680 778,3681 705,3684 632,3704"/>
                <Baseline points="632,3791 705,3771 778,3768 851,3767 924,3762 998,3758 1071,3753 1144,3750 1217,3750 1290,3750 1364,3745 1437,3744 1510,3744 1583,3744 1656,3743 1730,3738 1803,3734 1876,3729 1949,3726 2022,3724 2096,3714"/>
                <TextEquiv>
                    <Unicode>Jſt hewr mer dann geſter</Unicode>
                </TextEquiv>
            </TextLine>
            <TextLine id="tr_1_tl_16" custom="readingOrder {index:15;}">
                <Coords points="621,4002 700,4007 780,4002 860,3991 939,3990 1019,3982 1099,3978 1178,3978 1258,3976 1338,3972 1418,3972 1497,3972 1577,3967 1657,3966 1736,3962 1816,3957 1896,3951 1975,3948 2055,3947 2135,3941 2215,3936 2215,3806 2135,3811 2055,3817 1975,3818 1896,3821 1816,3827 1736,3832 1657,3836 1577,3837 1497,3842 1418,3842 1338,3842 1258,3846 1178,3848 1099,3848 1019,3852 939,3860 860,3861 780,3872 700,3877 621,3872"/>
                <Baseline points="621,3959 700,3964 780,3959 860,3948 939,3947 1019,3939 1099,3935 1178,3935 1258,3933 1338,3929 1418,3929 1497,3929 1577,3924 1657,3923 1736,3919 1816,3914 1896,3908 1975,3905 2055,3904 2135,3898 2215,3893"/>
                <TextEquiv>
                    <Unicode>Ʒehoff laider worden vnmer</Unicode>
                </TextEquiv>
            </TextLine>
            <TextLine id="tr_1_tl_17" custom="readingOrder {index:16;}">
                <Coords points="656,4181 748,4181 840,4181 932,4181 1025,4178 1117,4172 1209,4169 1302,4165 1394,4159 1486,4157 1579,4157 1671,4153 1763,4146 1855,4136 1948,4128 2040,4122 2132,4121 2225,4116 2317,4115 2409,4115 2502,4121 2502,3991 2409,3985 2317,3985 2225,3986 2132,3991 2040,3992 1948,3998 1855,4006 1763,4016 1671,4023 1579,4027 1486,4027 1394,4029 1302,4035 1209,4039 1117,4042 1025,4048 932,4051 840,4051 748,4051 656,4051"/>
                <Baseline points="656,4138 748,4138 840,4138 932,4138 1025,4135 1117,4129 1209,4126 1302,4122 1394,4116 1486,4114 1579,4114 1671,4110 1763,4103 1855,4093 1948,4085 2040,4079 2132,4078 2225,4073 2317,4072 2409,4072 2502,4078"/>
                <TextEquiv>
                    <Unicode>Das ſtet hewer wirſer dann vert</Unicode>
                </TextEquiv>
            </TextLine>
            <TextLine id="tr_1_tl_18" custom="readingOrder {index:17;}">
                <Coords points="674,4390 737,4384 801,4384 865,4384 929,4381 993,4378 1057,4378 1121,4374 1185,4372 1249,4371 1313,4367 1376,4366 1440,4364 1504,4360 1568,4356 1632,4351 1696,4346 1760,4338 1824,4336 1888,4336 1952,4336 1952,4206 1888,4206 1824,4206 1760,4208 1696,4216 1632,4221 1568,4226 1504,4230 1440,4234 1376,4236 1313,4237 1249,4241 1185,4242 1121,4244 1057,4248 993,4248 929,4251 865,4254 801,4254 737,4254 674,4260"/>
                <Baseline points="674,4347 737,4341 801,4341 865,4341 929,4338 993,4335 1057,4335 1121,4331 1185,4329 1249,4328 1313,4324 1376,4323 1440,4321 1504,4317 1568,4313 1632,4308 1696,4303 1760,4295 1824,4293 1888,4293 1952,4293"/>
                <TextEquiv>
                    <Unicode>Martrer haʒʒer neyder</Unicode>
                </TextEquiv>
            </TextLine>
            <TextLine id="tr_1_tl_19" custom="readingOrder {index:18;}">
                <Coords points="668,4575 743,4575 818,4565 893,4563 969,4560 1044,4557 1119,4557 1194,4557 1270,4551 1345,4546 1420,4541 1495,4539 1571,4537 1646,4532 1721,4527 1796,4518 1872,4511 1947,4503 2022,4497 2097,4494 2173,4479 2173,4349 2097,4364 2022,4367 1947,4373 1872,4381 1796,4388 1721,4397 1646,4402 1571,4407 1495,4409 1420,4411 1345,4416 1270,4421 1194,4427 1119,4427 1044,4427 969,4430 893,4433 818,4435 743,4445 668,4445"/>
                <Baseline points="668,4532 743,4532 818,4522 893,4520 969,4517 1044,4514 1119,4514 1194,4514 1270,4508 1345,4503 1420,4498 1495,4496 1571,4494 1646,4489 1721,4484 1796,4475 1872,4468 1947,4460 2022,4454 2097,4451 2173,4436"/>
                <TextEquiv>
                    <Unicode>Seind des tewfels ſneyder</Unicode>
                </TextEquiv>
            </TextLine>
            <TextLine id="tr_1_tl_20" custom="readingOrder {index:19;}">
                <Coords points="674,4766 788,4766 903,4760 1017,4754 1132,4751 1247,4743 1361,4742 1476,4734 1591,4726 1705,4724 1820,4717 1935,4712 2049,4712 2164,4706 2279,4700 2393,4693 2508,4688 2623,4676 2737,4676 2852,4676 2967,4676 2967,4546 2852,4546 2737,4546 2623,4546 2508,4558 2393,4563 2279,4570 2164,4576 2049,4582 1935,4582 1820,4587 1705,4594 1591,4596 1476,4604 1361,4612 1247,4613 1132,4621 1017,4624 903,4630 788,4636 674,4636"/>
                <Baseline points="674,4723 788,4723 903,4717 1017,4711 1132,4708 1247,4700 1361,4699 1476,4691 1591,4683 1705,4681 1820,4674 1935,4669 2049,4669 2164,4663 2279,4657 2393,4650 2508,4645 2623,4633 2737,4633 2852,4633 2967,4633"/>
                <TextEquiv>
                    <Unicode>Wirſers dann cham ſcharffes ye geſnaid</Unicode>
                </TextEquiv>
            </TextLine>
            <TextLine id="tr_1_tl_21" custom="readingOrder {index:20;}">
                <Coords points="656,4951 766,4960 877,4957 988,4951 1099,4945 1210,4942 1320,4935 1431,4928 1542,4921 1653,4921 1764,4913 1874,4909 1985,4902 2096,4897 2207,4897 2318,4892 2428,4885 2539,4883 2650,4876 2761,4873 2872,4879 2872,4749 2761,4743 2650,4746 2539,4753 2428,4755 2318,4762 2207,4767 2096,4767 1985,4772 1874,4779 1764,4783 1653,4791 1542,4791 1431,4798 1320,4805 1210,4812 1099,4815 988,4821 877,4827 766,4830 656,4821"/>
                <Baseline points="656,4908 766,4917 877,4914 988,4908 1099,4902 1210,4899 1320,4892 1431,4885 1542,4878 1653,4878 1764,4870 1874,4866 1985,4859 2096,4854 2207,4854 2318,4849 2428,4842 2539,4840 2650,4833 2761,4830 2872,4836"/>
                <TextEquiv>
                    <Unicode>Welich herr neydes ʒungen in ym trait</Unicode>
                </TextEquiv>
            </TextLine>
            <TextLine id="tr_1_tl_22" custom="readingOrder {index:21;}">
                <Coords points="656,5146 731,5140 806,5140 881,5136 957,5134 1032,5134 1107,5134 1182,5134 1258,5134 1333,5129 1408,5128 1483,5128 1559,5128 1634,5127 1709,5122 1784,5122 1860,5122 1935,5122 2010,5122 2085,5122 2161,5122 2161,4998 2085,4998 2010,4998 1935,4998 1860,4998 1784,4998 1709,4998 1634,5003 1559,5004 1483,5004 1408,5004 1333,5005 1258,5010 1182,5010 1107,5010 1032,5010 957,5010 881,5012 806,5016 731,5016 656,5022"/>
                <Baseline points="656,5105 731,5099 806,5099 881,5095 957,5093 1032,5093 1107,5093 1182,5093 1258,5093 1333,5088 1408,5087 1483,5087 1559,5087 1634,5086 1709,5081 1784,5081 1860,5081 1935,5081 2010,5081 2085,5081 2161,5081"/>
                <TextEquiv>
                    <Unicode>Dem iſt alle tugent laid</Unicode>
                </TextEquiv>
            </TextLine>
            <TextLine id="tr_1_tl_23" custom="readingOrder {index:22;}">
                <Coords points="686,5319 787,5313 889,5313 990,5313 1092,5313 1193,5307 1295,5307 1396,5305 1498,5301 1599,5298 1701,5295 1803,5295 1904,5290 2006,5290 2107,5284 2209,5282 2310,5278 2412,5278 2513,5274 2615,5272 2717,5278 2717,5154 2615,5148 2513,5150 2412,5154 2310,5154 2209,5158 2107,5160 2006,5166 1904,5166 1803,5171 1701,5171 1599,5174 1498,5177 1396,5181 1295,5183 1193,5183 1092,5189 990,5189 889,5189 787,5189 686,5195"/>
                <Baseline points="686,5278 787,5272 889,5272 990,5272 1092,5272 1193,5266 1295,5266 1396,5264 1498,5260 1599,5257 1701,5254 1803,5254 1904,5249 2006,5249 2107,5243 2209,5241 2310,5237 2412,5237 2513,5233 2615,5231 2717,5237"/>
                <TextEquiv>
                    <Unicode>Chunſt ʒucht trew verſtandenhait</Unicode>
                </TextEquiv>
            </TextLine>
            <TextLine id="tr_1_tl_24" custom="readingOrder {index:23;}">
                <Coords points="662,5501 771,5502 880,5501 989,5505 1099,5501 1208,5501 1317,5501 1427,5500 1536,5495 1645,5488 1755,5483 1864,5477 1973,5476 2082,5471 2192,5467 2301,5465 2410,5459 2520,5457 2629,5450 2738,5442 2848,5453 2848,5323 2738,5312 2629,5320 2520,5327 2410,5329 2301,5335 2192,5337 2082,5341 1973,5346 1864,5347 1755,5353 1645,5358 1536,5365 1427,5370 1317,5371 1208,5371 1099,5371 989,5375 880,5371 771,5372 662,5371"/>
                <Baseline points="662,5458 771,5459 880,5458 989,5462 1099,5458 1208,5458 1317,5458 1427,5457 1536,5452 1645,5445 1755,5440 1864,5434 1973,5433 2082,5428 2192,5424 2301,5422 2410,5416 2520,5414 2629,5407 2738,5399 2848,5410"/>
                <TextEquiv>
                    <Unicode>Von fremden ſargen ym we geſchicht</Unicode>
                </TextEquiv>
            </TextLine>
            <TextLine id="tr_1_tl_25" custom="readingOrder {index:24;}">
                <Coords points="656,5685 734,5683 813,5679 892,5679 971,5674 1050,5678 1129,5675 1207,5673 1286,5670 1365,5665 1444,5662 1523,5667 1602,5661 1681,5661 1759,5657 1838,5651 1917,5649 1996,5649 2075,5648 2154,5642 2233,5637 2233,5529 2154,5534 2075,5540 1996,5541 1917,5541 1838,5543 1759,5549 1681,5553 1602,5553 1523,5559 1444,5554 1365,5557 1286,5562 1207,5565 1129,5567 1050,5570 971,5566 892,5571 813,5571 734,5575 656,5577"/>
                <Baseline points="656,5649 734,5647 813,5643 892,5643 971,5638 1050,5642 1129,5639 1207,5637 1286,5634 1365,5629 1444,5626 1523,5631 1602,5625 1681,5625 1759,5621 1838,5615 1917,5613 1996,5613 2075,5612 2154,5606 2233,5601"/>
                <TextEquiv>
                    <Unicode>Wann er ander lewt ſicht</Unicode>
                </TextEquiv>
            </TextLine>
            <TextLine id="tr_1_tl_26" custom="readingOrder {index:25;}">
                <Coords points="644,5840 729,5840 815,5835 901,5834 986,5830 1072,5832 1158,5827 1243,5822 1329,5819 1415,5816 1501,5816 1586,5814 1672,5808 1758,5802 1843,5798 1929,5798 2015,5797 2100,5791 2186,5786 2272,5780 2358,5780 2358,5672 2272,5672 2186,5678 2100,5683 2015,5689 1929,5690 1843,5690 1758,5694 1672,5700 1586,5706 1501,5708 1415,5708 1329,5711 1243,5714 1158,5719 1072,5724 986,5722 901,5726 815,5727 729,5732 644,5732"/>
                <Baseline points="644,5804 729,5804 815,5799 901,5798 986,5794 1072,5796 1158,5791 1243,5786 1329,5783 1415,5780 1501,5780 1586,5778 1672,5772 1758,5766 1843,5762 1929,5762 2015,5761 2100,5755 2186,5750 2272,5744 2358,5744"/>
                <TextEquiv>
                    <Unicode>An gut an eren auf ſteigen</Unicode>
                </TextEquiv>
            </TextLine>
            <TextLine id="tr_1_tl_27" custom="readingOrder {index:26;}">
                <Coords points="561,6012 657,6015 754,6009 851,6006 948,6006 1044,6001 1141,5995 1238,5994 1335,5988 1431,5988 1528,5987 1625,5982 1722,5980 1818,5973 1915,5970 2012,5970 2109,5966 2205,5959 2302,5958 2399,5947 2496,5940 2496,5817 2399,5824 2302,5835 2205,5836 2109,5843 2012,5847 1915,5847 1818,5850 1722,5857 1625,5859 1528,5864 1431,5865 1335,5865 1238,5871 1141,5872 1044,5878 948,5883 851,5883 754,5886 657,5892 561,5889"/>
                <Baseline points="561,5971 657,5974 754,5968 851,5965 948,5965 1044,5960 1141,5954 1238,5953 1335,5947 1431,5947 1528,5946 1625,5941 1722,5939 1818,5932 1915,5929 2012,5929 2109,5925 2205,5918 2302,5917 2399,5906 2496,5899"/>
                <TextEquiv>
                    <Unicode>Vnd datʒ er dann mueʒʒ ſweigen</Unicode>
                </TextEquiv>
            </TextLine>
            <TextEquiv>
                <Unicode>Vorcht er nicht das er ſein ſchand hiet
Vnd edler herrn weſchaidenhait
An worten an werchen an rainichait 
Lieber was dann gold vnd ſeyden
Secht do muſten erſt meiden
Schelkch vnd auch in rat geben
Der herrn hoff vnd auch in leben
Seit hat es ſich als verchert
Das ſelten da yemant wirt gewert
Der nicht ſiben ʒungen hat
Von ſogetaner unſtat
Stet mordotheus vor der tür
So Judas dauon gend herfur
Die ſchon ainualtig heſter
Jſt hewr mer dann geſter
Ʒehoff laider worden vnmer
Das ſtet hewer wirſer dann vert
Martrer haiʒʒer neyder
Seind des tewfels ſneyder
Wirſers dann chain ſcharffes ye geſnaid
Welich herr neydes ʒungen in ym trait
Dem iſt alle tugent laid
Chunſt ʒucht trew verſtandenhait
Von fremden ſargen ym we geſchicht
Wann er ander lewt ſicht
An gut an eren auf ſteigen
Vnd datʒ er dann müeʒʒ ſweigen</Unicode>
            </TextEquiv>
        </TextRegion>
    </Page>
</PcGts>
