5110 7605
569 900 2746 1221 Wir müssen aneinander vil vertragen
551 1105 2559 1367 Wellen wir neyd vnd has beiagen
497 1263 2422 1513 Schon du mein ſo ſchon ich dein
533 1451 2279 1722 Seyd wir payd schuldig sein
551 1617 1981 1892 Daʒ iſt der welt ſcheybe
557 1796 1993 2073 Waʒ ich ticht oder ſchreibe
554 1966 2079 2249 So geitichkait allen schimpf
569 2097 2597 2386 Verdruket chürtzweil vnd gelimpf
563 2297 2312 2571 Dez vnd alt vor hie phlagen
599 2457 2779 2767 Da si mit vleiſſ dannoch nicht wagen
581 2636 2624 2898 Di alten helbling gen den newen
581 2815 2493 3092 Veitichait chan vil schant prewen
602 2976 2600 3247 Daʒ geitichait ninmer wert ſat
623 3137 2428 3458 Prütʒ daʒ daʒ güt ein end hat
623 3244 2880 3777 Daʒ bewart der reich draſſus wol
1022 3446 3101 3798 Dem haiſſ gold sein mund wart vol
673 3625 3035 3986 Wegoſſen vnd im flos durich den nakch
617 3857 2136 4132 Auf der erden do er lakch
584 4027 2952 4337 Der sind karthago und Rom gezeug
652 4197 2615 4483 Der warhait daʒ ich nicht lewg
676 4382 2681 4680 Wer geitig vnd übel iſt beſunder
652 4480 3047 4852 Der gelawbt vil wenig an di wunder
637 4721 2410 5001 Di gotʒ heiligen habn getan
661 4921 2466 5183 Wann ſein hercʒ iſt layder wan
697 5061 2705 5338 Slechter ainfalt und heiliger güt
682 5299 1999 5537 Mit der heiligen gemüt
664 5400 2901 5704 In got beleibn an zweyfels wankch
974 5603 2761 5925 Davon ſprach der freydankch
858 5737 2955 6133 Sinen ſpruch den ich da vor kan
