5182 7667
1642 1046 3361 1187 Suezzer ſlikch hat ſawern ſlag
1642 1219 3212 1354 Wol ym der ſich genern mag
1642 1386 2627 1521 An ſogtans traben
1612 1560 3182 1724 Do der leıb müs angſt haben
1718 1754 3206 1902 DEr ſo lang ʒehoff wartt
1737 1929 3636 2074 Vntz er gewinnet graben part
1655 2084 3416 2223 Hat er ſo lang ſein gut geſpart
1600 2245 3337 2399 Vnd nicht dapey die ſel pewart
1588 2436 3576 2596 Der hat ſorig vnd grozzen aribrait
1636 2627 3063 2769 Laider nicht wol angelait
1612 2813 3588 2990 Hochuart geitichait fraʒʒ vnchewſch
1683 2980 3397 3146 Lert hofflewt vil manig getewſch
1946 3153 3785 3325 Mich wundert was der predigen wolt
1863 3350 3445 3510 Der hofflewt wechern wolt
1588 3540 3343 3699 Ir hercz vnſanfft yemant bechert
1648 3701 3027 3860 So ſich ir güt ir er mert
1624 3881 3152 4053 So vollgen ſy dem hoffe nach
1576 4052 3564 4250 Vnd pey den doch iſt groʒʒ vngemach
1618 4238 3409 4429 Ein ding ich wol gemerchet han
1594 4443 3636 4638 Das manigen herrn ſchalkhafftıg man
1624 4611 3212 4800 Vil lieber iſt der ſchalkait chan
1624 4817 3457 4973 Wann einer der ym er vnd gut gan
1600 5011 3349 5175 Was man erwirbt mit getewſchs
1606 5177 3522 5349 Mit lob mit worten mit vnchewſchs
1528 5351 2866 5526 Vnd mit pöſer haymleich
1582 5552 3278 5693 Des wirt man doch ſelten reich
1594 5700 3469 5870 Ein früm man hat den andern lieb
1600 5909 3564 6055 So mynnet ein dieb den andern dieb
