5176 7560
844 779 2150 1092 Mit vngetrewn mut
936 1006 2726 1259 Hochuart vil manigen hat wetrogn
967 1186 2340 1441 Chaiſer chunig hertʒogen
977 1405 2210 1616 Furſten grauen vreyen
977 1546 2752 1801 Schullen vber ſich waffen ſchreyen
970 1718 2429 1970 Das ſy von adel ſind geporn
977 1877 2426 2137 Vnd laidʼ huld haben verlorn
975 2038 2869 2317 Hochvart vnd vil maniger vntugut
951 2215 2846 2520 Die ſy nu lernent auf von Jugent
917 2390 2883 2692 Des vellet ir gar vil auf den dorn
936 2549 3031 2864 Got geb das ſew icht werden verlorn
954 2739 3002 3060 Was tawgt ſchon adel oder Jugent
920 2919 2687 3232 Die vaidig iſt vnd vntugent
975 3096 2580 3419 Hieuor da die herrn ſaʒʒen
980 3349 2570 3625 Vnd ir prot mit eren aʒʒen
977 3498 2492 3797 Vor iren geſind vnʒelleich
933 3659 2510 3967 Ingotes namen ſicherleich
923 3813 2862 4154 Do wart manig edel chind geſant
954 4027 2841 4311 Von einem lant in das ander lant
933 4225 2192 4465 Das iſt ʒucht vnd er
899 4407 2340 4712 Nach ſeins ſ hertʒen ler
956 4584 2635 4868 Scholt lernen in ſeiner Jugent
910 4798 2755 5051 Dauon ym er lob fur vntugent
936 4986 2121 5265 Gar an miſſewende
844 5134 2369 5434 Peleiben vntʒ an ir ende
878 5358 2528 5682 Nu iſt ſo maniger poſer ſit
907 5554 2739 5919 Der manigen hertʒen volget mit
