5176 7560
979 970 2914 1055 Wechenn dich ſelb vnd pis geduldig
951 1155 2955 1223 Ʒegroʒʒ mutwill wirt nymmer gut
949 1316 2567 1384 Der vbels mer dann gut tut
943 1483 2788 1557 Alſo tet ein vbel chunig hieuor
937 1668 2561 1730 Der hies nabachudonoſor
943 1818 3015 1903 Dem trawmpt ein nachts do er lag
901 2009 2800 2089 Jn ſeinen pett da er rüeb phlag
955 2194 3194 2286 Ein trawm des er nicht vergaʒʒ ʒuhant
937 2373 2824 2453 Des morgens frü ward geſant
937 2552 2914 2632 Nach allen maiſtern vnd weiſſagen
943 2737 2866 2811 Die er pechant pey ſeine tagen
943 2922 3224 2990 Das ſy dem trawm ym ſagten ſcholten
943 3107 2752 3169 Ob sy ir leben behalten wolten
955 3281 3051 3366 Vnd was der trawm ſcholt wedawten
961 3466 3206 3534 Solich mutwil macht er ſeinen lewten
943 3651 2800 3713 Vil groʒʒ ſarg vnd angſt machen
967 3836 2711 3904 Wann er von den ſelben ſachen
967 4015 2764 4089 Hies tötten manigen weiſen man
943 4188 2764 4256 Was mütwill ich vernomen han
931 4362 2543 4429 Das iſt dem ſelben vngenoʒʒ
925 4535 2854 4603 Gots güt daniels hertz vnderfloʒʒ
925 4696 2794 4776 Das er des trawms in verſchied
949 4863 3009 4955 Es weͣr dann anders ein gancʒes died
943 5072 2818 5140 Weiſſagen vnd weiſer man verlorn
949 5251 2603 5331 So mütwillig was ſein ʒorn
907 5407 2758 5504 Des was er ſeid wol ſyben Jar
925 5604 2836 5689 Ein ochs vnd aʒʒ hew das iſt war
913 5789 2675 5886 Vntʒ das er ſich ſelben wechant
