5086 7560
742 1048 2399 1104 Als ich euch hernach wedawt
751 1225 1936 1264 Iuden chetʒer haiden
821 1412 2375 1462 Vnd chriſten die vugeſchaiden
840 1584 2338 1628 Sind vnd vnordenlich leben
835 1780 2403 1820 Vnd wider gots willen ſtreben
816 1962 2454 2011 Auf die vellet der ſelbig fluech
802 2149 2678 2207 Alſo lernent vns die heyligen püch
825 2345 2683 2417 Ein vreyer pawer ist herrn genoʒʒ
797 2541 2477 2608 Wie wol er ſey des güts ploʒʒ
736 2732 2202 2799 Doch iſt er von pürd vrey
797 2919 2216 2981 Weͣnt ir das ich herrn ſey
769 3105 2557 3173 Die ſwacher ſind dann ein pawr
727 3325 2445 3397 Lieb got hagel vnd ſchawer
820 3516 2394 3602 vber vngeſlachte vntugent
815 3693 2617 3798 Es ſtürb maniger in ſeiner Jugent
792 3880 2622 3985 Dem er auf peʒʒrung gibt vriſt
787 4076 2123 4162 Wann er parmherʒig iſt
699 4250 2630 4352 Nymant iſt edl dann den der mut
805 4458 2375 4534 Edl machet vnd nicht daʒ gut
805 4665 2197 4729 Wann ains haiʒʒet edlnig
771 4873 2044 4937 Der ain haiʒʒet eſeling
814 5068 2125 5124 Ein edl chind tüt edleich
779 5255 2083 5332 Ein eſel chind tüt eſleich
767 5446 2490 5510 Doch ſiecht man dikch dringen
780 5628 2112 5692 Eſchug nach edelingen
771 5798 2172 5870 Ein edl chind daʒ edl ſit
733 5972 2278 6048 Hat dem volget tügent mit
