5086 7560
1110 784 2979 1170 Furwicʒ den armen das leben nympt
1042 1032 2578 1293 Wo er trew frewnt erwandelt
1108 1207 2601 1454 Furwicʒ ſich ſelb vbel hanndelt
1105 1410 2312 1647 Vnd new heyligen ſuchet
1089 1582 2580 1822 Vnd der alten nicht geruchet
1079 1749 2825 2049 Furwicʒ iſt ein pöser chlosterman
1087 1916 2799 2163 Wann er ſich nicht geʒeͣmen chan
1076 2059 2768 2351 Er weleibt vnlang an einer ſtat
1087 2265 2601 2523 Wann er ʒu weyte flüge hat
1027 2424 2557 2713 Nü wil er dicʒ nü wil er das
1040 2598 3062 2883 Nü chalt nü warm nü trūkchen nü nas
1032 2802 2948 3057 Nü weis nü rot iut grün nü gel val
1066 2901 3021 3227 Nü churcʒ nu lang nü prait nü ſmal
1045 3159 2906 3435 Nü wil er ſlaffen nü wil er wachen
1063 3336 2664 3602 Nü wil er churcʒweil machen
1071 3511 2940 3763 Furwicʒ nympt den mannen ir er
1058 3677 2974 3920 Furwicʒ chan den lewten ir laid mern
1045 3836 3008 4152 Furwicʒ pharr vnd phründ verlewſet
1027 4027 2781 4308 Wann er valſch vartrew chewſet
1045 4214 2734 4501 Furwicʒ verderbt man vnd weib
1056 4407 2643 4678 Furwicʒ verlewſet ſel vnd leib
1061 4498 2963 4827 Selten ſy ymmer ʒu herren werden
1071 4686 3151 4999 Die voller furwicʒ wellen ſein auf erden
1316 4863 3260 5207 Das ſind drew wandel wort auf erden
1319 5064 2888 5377 Was dicʒ iſt ens mag werden
1082 5278 2716 5536 Wer die recht wedenchen wolt
1042 5481 2596 5708 Der tät vnd lies was er wolt
1050 5674 2531 5914 Furwicʒ iſt an vns geporn
1066 5802 3161 6130 Furwicʒ macht daʒ maniger wirt verlorn
