5124 7677
1678 874 3210 1179 Laſſ dich erparm herr chriſt
1734 1117 3557 1371 Daʒ der menſch ye wart geparn
1734 1288 3661 1499 Der hie vnd dort hat deinen ʒorn
1759 1430 3560 1681 Wann trew ʒucht beſchaidenhait
1759 1609 3592 1820 Leyden mir vnd war am ualtichait
1764 1769 3685 2018 Dann di ſich gar beſchampt habe
1716 1946 3549 2194 Di ſülln mit poſen herren trabn
1750 2130 3450 2376 Waʒ man mit icht enpern mag
1759 2240 3872 2539 ʒehof dem chert man gern den nakch
1740 2445 3888 2707 Manig ding man vor hie vberſach
1753 2608 3611 2870 Durich got vnd darich gemach
1734 2782 3576 3041 Deʒ man nu nicht wil oberſehn
1769 2942 3744 3196 Daʒ hort ich manigen diener iehen
1804 3103 3389 3335 Wer gern hab vntrew leben
1726 3271 3477 3533 Der ſol nach groſſen ern ſtrebn
1767 3458 3498 3693 Wer aber gern ſen mit gemach
1745 3608 3389 3856 Dr dien got wider sein doch
1807 3782 3549 4033 Vnd lob in ſanft an ainer ſtat
1761 3910 3592 4209 Daʒ mer vil pitter waſſer hat
