5220 7620
1570 838 3131 1197 Was gueten lewten wideruert
1541 1116 2895 1411 Laides davon wir gemert
1509 1300 3141 1619 Die frewnt von got inhimlreich
1511 1457 2905 1674 We dem der iemerleich lebt
1509 1627 2799 1870 Vnd an all frewd lebt dort
1514 1799 2951 2047 Der hat ewigs leidens hort
2288 2034 2362 2070 v
1514 1966 2782 2224 Wer alt frewnt erchieſet
1541 2136 3116 2376 Mit newen frewden der verlewſet
1447 2313 3023 2536 New frewnt vnd newer wein
1514 2458 3384 2720 Mügen wol geleich an einander ſein
1479 2622 3281 2934 Allain den awgen vnd den hiern
1533 2799 2983 3065 Vil geſunter ſey den viern
1504 2981 3480 3283 Doch trunkchen toren den newen gern
1504 3158 3286 3475 Durch newer geluſt in der tauern
1531 3323 3170 3608 Scholt es nach torn willen gan
1506 3504 3431 3777 So mocht chain man die leng weſtan
1509 3635 3266 3910 An ſeinem ampt wie recht er tät
1516 3834 3182 4131 Das machet furwicʒ vnd vnſtet
1506 4003 3219 4313 Furwitz wird ymmer ſelten güt
1561 4200 2966 4468 Wann er hat vnſteten müt
1492 4355 2986 4588 Nu wil er dicʒ nu wil er das
1524 4537 2875 4809 Diſem vnd dem iſt er hass
1531 4738 3136 4989 Was vor lieb was das iſt nü lait
1499 4888 2888 5178 O wuderleiche vnſtetichait
1521 5104 2666 5357 Die mit ir alſo ringt
1506 5237 3131 5564 Vnd chain ding ʒu ende pringt
1492 5438 3195 5726 Furwicz gewechſet durch gewin
1531 5638 3069 5905 Furwicʒ nympt für ſilber ʒin
1499 5810 3234 6139 Furwitz den reichen ubel ʒimpt
