5144 7613
1415 874 3200 954 Also tunt den fromen new chind
1450 1035 3170 1109 So ſy der chinthait vberſtreben
1427 1202 3140 1264 Vnd nicht mer in vorchten leben
1456 1364 3218 1444 So chumpt der furwicʒ gerant
1433 1525 3445 1599 Vnd loſt den junkfrawn auf die pant
1403 1686 3337 1778 Die chnechte laʒʒen iren ſelb part
1415 1847 3218 1933 Die vor iren mütern warn ʒart
1421 2014 3361 2088 Sy nement hernach vngeleichn val
1397 2176 2836 2232 Als die piren in dem tal
1636 2337 3469 2423 Der pirn ein tail vieln in die dorn
1594 2516 3188 2602 Manige ſel iſt auch verlorn
1409 2677 2866 2757 Von dem dorn wann er hat
1385 2856 2812 2918 Die wurtzl aller miſſetat
1391 3012 2746 3080 Ʒorn haʒʒ und geitichait
1409 3167 3696 3241 Vnchewſchs vraʒʒ hoff hochfart und laſſhait
1391 3340 2824 3408 Gegen allen guten dingen
1373 3525 2901 3593 Chan die hochfart pringen
1337 3710 2895 3772 Da cham von ſeiner hochfart
1343 3877 2597 3939 Lucifer der engel ʒart
1379 4033 2961 4119 Wa cham die groʒʒ windichait
1361 4212 2734 4286 Die got het an in gelait
1355 4373 2937 4459 Die viel in der helle grunt
1337 4540 2848 4638 Da hat derſelb helle hunt
1367 4725 3081 4817 Vil manigew ſel an ſich gezogn
1313 4922 3325 4984 Die weltleich hochvart hat petrogn
1343 5101 2764 5169 Chetzerey rumen traczen
1355 5281 3481 5372 Spotten ſchirmen rawffen und chracʒen
1349 5466 2991 5552 Stechen prechen rayn ſpringen
1337 5633 3146 5707 Sturmen vechten lauffen ringen
1349 5794 3116 5856 Rawben prennen mörden ſtechen
