5124 7679
1645 908 2933 1191 Iſt daʒ der lebt ordenleich
1636 1127 3604 1373 So lebt der charig auf er den in pein
1607 1291 3493 1531 Vnd müʒ dort ewichleichen greinn
1549 1411 3897 1724 Pey dem tempel tewfel an allen dankch
1613 1619 3381 1888 Dauon ſprach der freydankch
1613 1809 3419 2067 Dem milten liebs vil geſchicht
1636 1976 3302 2234 So er gebn ſol oder gebn ſicht
1625 2146 3329 2398 So wirt der charig laides vol
1654 2307 3159 2570 Wer ye gelas ein püchlein
1636 2480 3214 2731 Daʒ iſt genant der pilgerein
1663 2646 3706 2901 Der waiʒ wol wer von pöſen wirten
1666 2799 3498 3056 Wann ich hietreib für den hirten
1660 2974 3580 3226 Got laʒʒ mich da ſelten da geſitʒen
1695 3115 3232 3364 Da man mit protes ſintʒen
1631 3299 3311 3563 Schachʒabel ʒiech ob dem tiſch
1677 3484 3566 3735 Mocht ich ein chünig da erwiſchn
1683 3642 3487 3932 Ee dann ein rech ſo für ich wol
1704 3797 3507 4046 Mit frewden würd ich ſelten vol
1689 3952 3507 4204 Jch hab wol ʒwir oder mer gehört
1692 4113 3937 4394 Sag von herren der ſein geſind perert
1669 4268 3425 4520 Wenn er ſich mit lugen gerichet
1707 4447 3659 4681 An ſeinem geſind vnd ʒw in ſprichet
1704 4590 3651 4866 Warumb phlegt ir vnſer nicht pas
1727 4778 3615 5027 Daʒ ich hieſſ chauffen ditz und daʒ
1666 4936 3317 5173 Sogtan chlaffen vnd chlagen
1727 5097 3159 5375 Fült ſelten in ir den magen
1730 5252 3323 5536 Alʒ ein ſtorich hie vor vas
1751 5439 3662 5697 Deʒ fuchen gaſt hört wie ich las
