5236 7560
847 870 2835 1176 Pracht ir zucht vnd ir rainew werth
835 1078 2390 1387 Ʒehoffe ingroʒʒen wirdichait
867 1257 2578 1520 Das macht der fursten rainichait
867 1405 2774 1670 Die rain chnecht wechennen chunnen
881 1613 2607 1850 Vnd in auch güt vnd eren gu̅nen
884 1795 2338 2055 Seyt den phaffen in ir hant
855 1951 2621 2202 Die wal geuiel wellch menſch vand
870 2104 2526 2428 Heylig piſscholff ſeind auf erden
850 2306 2500 2552 Das aber ir ſel verlorn werden
873 2456 3196 2786 Willichleich wol ir ampt verrichten auf erden
861 2641 2543 2902 Die mügen noch heilig werden
841 2812 2552 3049 Aber weltleich er verchert ir vil
829 2997 2324 3269 Als ich euch weſchaiden wil
832 3156 2679 3430 Was aber der alten ſueʒʒew andacht
812 3344 2514 3659 Vnſerm herrn ʒelob hat erdacht
815 3549 2199 3771 Das wirt laider volbracht
827 3728 2693 3942 Als es durch leibnar wirt gemacht
832 3936 2104 4205 Pharr phunt probſeney
809 4110 2087 4352 Techney biſtumb abatey
829 4283 2387 4543 Chan nu erwerben geitichait
815 4474 2248 4728 Vnd groʒʒew vnmeʒʒichait
803 4644 2610 4904 Got herr törſt ich waffen ſchreyen
832 4844 2442 5098 Vber die verfluchten Symoney
809 5029 2257 5271 Die groʒʒ vnpild hat getan
829 5141 2445 5456 Hieuor als ich vernomen han
783 5332 2390 5598 Vnd tut noch haymleich altag
775 5549 2468 5835 Das ſiech ich nicht ich es sagen
829 5722 2581 6075 Wenn ir getawſch iſt manigerlay
