5236 7560
725 862 3057 1220 Schullen ſy prot geben das iſt in lait
925 1096 2370 1364 Sy ſind ſelten mi milt wirt
790 1221 2484 1559 Jn einen dorff ein armer hirt
913 1421 2548 1696 Geb mer prots ʒu aller ſtund
927 1609 2640 1895 Wann ir ainer der tauſent phunt
925 1802 2203 2070 Oder mer hat beſloʒʒen
865 1981 2346 2240 Der nymenant hat genoʒʒen
901 2159 2370 2427 Wer ſich from der choſt went
864 2318 2543 2609 Nach haws er er ſich ſelten ſent
889 2535 2364 2802 Manig man iſt ʒehoff gern
835 2712 2573 2953 Ich wolt aber lieber gegen pern
877 2869 2454 3044 Dann ich ein iar ʒehoffe weͣr
868 3005 2525 3307 Als gar iſt mir der hoff vnmeͣr
883 3208 2352 3481 Maniger herr ſeͣch mich gern
877 3361 2364 3659 Möcht ich ſeiner hilff enpern
877 3577 2932 3814 Chumpt es aber das ich yn pitten mües
871 3695 2699 3952 So verlewʒʒ ich mit der hilff grües
630 4364 2896 5234 Eyn vaiſter hunt vo̅ hoffe lieff
1319 4680 2848 4980 Eyn mager hunt in doch rieff
1319 4871 2806 5151 Geſell wann thumſtu ſo ſat
853 5096 2549 5338 Er ſprach ich was an einer ſtat
836 5262 2733 5520 Do aʒʒ ich maniges vaiſtes ſtuekch
871 5427 2842 5642 Ein chunttl hat aber mir mein rukk
883 5601 2985 5873 So gar durch pert vnd durch plawen
827 5797 2723 6065 Das die vart hat mich perawen
