5182 7667
1594 1071 3337 1145 Doch mag ein wolff in yn lawffen
1612 1256 3254 1330 Wann er die wort awsrechket
1618 1423 3463 1491 Ein arm man wirt ſchir erſchreket
1588 1603 3505 1670 Wie recht er hat chumpt er her fur
1582 1776 3391 1844 In gab man ſtoʒʒet in fur die tur
1606 1961 3242 2029 Wer gut vnd parmhercʒig ſey
1576 2146 3302 2220 Der wont den furſten ſelten pey
1582 2325 3236 2387 Die geitig vnd hochuertig ſein
1582 2510 3403 2578 Der hercʒ gewinnet groʒʒew pein
1606 2689 3224 2763 Wer gern gerecht ſey vberall
1564 2868 2967 2936 Der gee hinaws dem ſal
1600 3048 3540 3110 Manig vnchewſsch und manig ſchande
1570 3239 3887 3319 Vnder man bedenchet mit ſchonen gewande
1570 3424 3248 3492 Maniger ert manigen hoffman
1552 3603 3260 3677 Do man doch wirt wetrogen an
1570 3788 3439 3868 Wann er mit ſueʒʒen wort trewgt
1540 3973 3636 4059 Vnd gab ein nympt vnd darnach lewgt
1546 4164 3361 4232 Welich menſchs anders tut alſam
1516 4355 3319 4423 Dem wirt got vnd die welt gram
1576 4528 3110 4608 Selten iſt er ʒehoff weliben
1558 4720 3743 4787 Der ainualtig was vnd nicht durch triben
1916 4905 3302 5002 Hofflewt ercʒt vnd juriſten
1857 5090 3475 5164 Haben aptgot das iſt ir chrſten
1516 5293 3194 5361 Jn den vil dings leit geuangen
1528 5460 3290 5540 Das heraws wol möcht gelangn
1540 5645 3349 5725 Hieten ſy menſchen ſel oder ſynne
1522 5818 3314 5886 Darcʒu wellen ſy mer gewinnen
1498 5985 3116 6065 Das iſt die ewig vnſelichait
