5124 7677
1620 890 3748 1170 Dem tewfel dez leib vnd ſel war vrey
1690 1055 3529 1310 Wamit im nicht ſwach gemüt pey
1688 1220 3538 1478 Der tewfel ʒüg vns ſelber nider
1690 1343 3941 1648 Setʒen wir vns nicht veſtikchleich wider
1716 1542 3496 1786 Wann ich daʒ wol gemerket han
1721 1716 3560 1982 Daʒ mich der tewfel ſchelten chan
1732 1889 3400 2149 Der ding ſlaffent uber geen
1763 2054 3247 2326 Den ich deʒ tags widerſteen
1730 2231 3205 2466 An ſach nimmer geſchicht
1718 2387 3456 2664 Welich menſch ſich ſelber anſicht
1749 2578 3568 2858 Der hat immer gerichtes genüg
1724 2746 3143 3014 Daʒ iſt ein groſſ ſel gefüg
1744 2900 3795 3182 Welich menſch ſich deʒ ſein hertʒ went
1744 3073 3129 3361 Daʒ eʒ ſich nach got ſent
1752 3277 3420 3518 Daʒ hört auch gern gotʒ wart
1749 3417 3331 3655 An dem leyt ſüſſer minne hört
1746 3574 3610 3862 Wie ſolt deʒ leben mir ſein bechant
1727 3753 3664 4008 Daʒ nimer vor mir würd genant
1749 3921 3848 4184 Wie chan der heilig tugent bechennen
1749 4075 3711 4338 Er laſſ ſi dann offt vor im nennen
1744 4257 3129 4509 Wer von got choinen iſt
1730 4408 3638 4696 Der hört auch gern ʒw aller vriſt
1746 4607 3336 4842 Sagen von got daʒ iſt güt
1738 4777 3372 5055 Wol in der gotes willen tüt
1730 4943 3224 5220 Vnd recht lebt auf ertreich
1744 5136 3227 5396 Der lebt dort ewikchleich
