5124 7677
1754 927 3049 1203 Zuerflüchten falſchen rat
1770 1140 3247 1323 Waz wir hertʒn laydes achten
1757 1277 3470 1536 Der vaſſt nach gut wil trachten
1787 1450 3059 1678 Waʒ man dem übels tüt
1777 1620 3173 1853 Daʒ iſt verlorn an ſein müt
1803 1767 3542 2039 Iſt auf ubel ſo gar verſenkchet
1770 1952 3057 2160 Hochvart ʒorn vnd has
1775 2087 3552 2338 Geben mangen güten dingen daz
1795 2254 3625 2473 Vnd wissen doch wol daz si liegen
1803 2394 3849 2673 Wann si vor grosser vntugent chriegen
1815 2564 3354 2805 Manig lug wirt offt getan
1803 2711 3699 2970 Verholnn auf mangen frawen man
1775 2876 3453 3125 Di man an ʒweyfel gar verper
2188 2980 4118 3303 Deʒ hab der merkchet ʒung dankch
2039 3196 3778 3455 Eʒ ſprach der werd freydankch
1818 3377 3163 3608 Hiet ich einen eyſen hüt
1770 3521 3331 3752 Der mir fur liegen war güt
1780 3674 3214 3905 Vnd ainen ſchilt für ſchelten
1775 3831 3128 4080 Den wolt ich tewr gelten
1792 3993 2988 4222 Vnd ein tür für traurn
1749 4133 3143 4382 Di wolt ich hoch mawrn
1813 4331 3354 4572 Vnd ein haws für vngemach
1767 4483 3773 4768 Dem lieſſ ich ſelten fanhin ſein dach
1797 4656 3575 4928 Aber für armer lewt vngunſt
1782 4808 3661 5103 Ein widerred schieſſuntz armprust
1800 4978 3321 5204 Wer geitichait vnd arkchait
1767 5144 3498 5435 Daʒ iſt würtʒel aller miſſtat
1792 5326 3823 5603 Die di chriſtenhait gar wol verper
1797 5474 3415 5707 Valſcher richter dwb rawber
1805 5631 3821 5920 Si würd gut nit deʒ nimmer war
1803 5824 3328 6012 Verrater dewb maynayder
1780 5981 3359 6245 Der enpar man aller wol
