5115 7601
890 739 2684 1044 Sy machent die chrawſen loklein
879 967 2362 1229 Das ſy als ein rechpoklein
907 1112 2313 1369 Vorn wol auf gericht get
901 1324 2376 1583 Mayden es doch vbel anſtet
870 1475 2402 1737 Sel chitel vnd ſchuch spitʒen
919 1623 2681 1931 Laʒʒen manige mayd nicht beſitʒn̅
904 1828 2718 2114 Das ſy mit vleis airbaitn̅ ſcholten
899 2025 2456 2291 Ob ſy ʒucht wehalten wolten
876 2162 2253 2462 Die lauffen hin vnd her
887 2359 2311 2610 Ob yemant der ir peger
901 2544 2139 2818 Oder ir geſwantʒ lob
847 2670 2236 2975 Jn manige tut als ſy tob
927 2844 2667 3155 So sy das ſwͣencʒlein vorn ſiecht
896 3052 2462 3295 Nu wol her wer wil ſein icht
847 3183 2713 3511 Trügen ſy mantel der hulen an
916 3375 2493 3648 Wie wolten denn Junge man
921 3526 2690 3854 Auf den achſeln die ſchilt ſehen
919 3688 3218 4025 Der glanzlein ſchullen die mynner ſpehen
901 3905 2513 4145 Vnd auch der patʼ noster ſnur
884 4059 2724 4347 Die ir dikch durch den vinger fur
907 4236 2345 4524 An alle andacht ſo ſy ſach
873 4436 2353 4715 Nach des lieb ſy ſich prach
876 4618 2439 4858 Vil mer dann noch gots lieb
881 4735 2607 5032 Verholn lieb wirt dikch ʒu dieb
896 4943 2664 5240 Welt torn chunnen wunders vil
884 5129 2559 5408 Des ich niht mer ſchreibn wil
904 5311 2582 5545 Allein dauon nu manige lewt
919 5471 2410 5762 Vil lieber hern ſagen hewt
873 5599 2841 5965 Wann von der hayligen geſchrifft ler
