5103 7634
616 756 2496 1101 Du wendeſt müt du ſchendſt plut
653 1008 2642 1272 Du ſchendſt di welt vnd Jrdiſch gut
611 1168 2591 1401 Daʒ macht uil mordens vber leẅt
658 1342 2583 1594 Daʒ man gar vil lay der ſicht hewt
644 1515 2185 1776 Die mit lugen ſich gerechen
653 1703 2574 1986 Vnd frumen leẅten vbel ſprechen
630 1891 2482 2154 Den dem falſchhait nicht geuellet
647 2065 2087 2336 Wer ſich ʒw dir geſellet
647 2263 2370 2518 Der lebt im immer lieben tag
616 2437 2398 2709 Daʒ man dapey erchieſen mag
633 2608 2387 2871 Wann ſi auf frewd nicht achten
580 2784 2221 3031 So ſinach güt ſer trachten
625 2930 2544 3196 Chain geitig menſch iſt wol geuar
611 3093 2796 3347 Auch wirt ſein hercʒ nim̄er frow gar
625 3247 2770 3546 Des hebt hie ſeins hercʒen vnſäld an
655 3437 2737 3706 Vnd wert dort immer Da ſür ich han
653 3616 2373 3874 Seyt geitichait ſo weiten ſtrich
630 3773 2398 4065 Jn der welt hat ſo dunket mich
641 3967 2490 4224 Daʒ vns entrinne ſchir beginne
597 4123 2602 4392 Ein geitig menſch tut alʒ ein ſpinne
599 4308 2011 4563 Ein beſpinne auf irm leib
630 4457 2594 4743 Daz in dem wepp ein fleugen peleib
633 4681 2233 4897 Eʒ iſt ir manig miſſ gang
630 4824 2787 5107 Daʒ man den dürren pallich ſach hang
611 5034 2179 5275 Jn der wepp da ſi verdarib
616 5185 2300 5437 Vnd alʒ wenig lons erwarb
885 5370 2597 5633 DIe mauberff in der erden ſint
773 5518 3020 5787 Gar liſtig vnd gen dem licht plint
630 5605 2093 5950 Gewtig leẅt tuüt alſam
608 5855 2375 6138 Dem ewigen licht ſind ſi gram
