5144 7613
1349 905 3493 1037 Der vierd ein ſchalkch untʒ an den grunt
1367 1066 2883 1204 Der fünfte iſt gar vngeſunt
1337 1230 3206 1359 Der ſechſt hat gar em werten ſlunt
1373 1394 3278 1529 Der ſibent chan manigen pösen fund
1355 1569 3081 1700 Der acht hat vil mannige phunt
1337 1738 3176 1871 Poſlecth vertʒert pey ſeinen tagen
1349 1902 3110 2046 Das hör ich ſein frewnt chlagen
1397 2069 2949 2207 Ainer iſt gar ein ſeyden ſwantʒ
1421 2242 3092 2380 Sein ſtymm ʒiret wol den tantʒ
1373 2409 2919 2549 Der iſt der maid roſen chrantʒ
1385 2584 3236 2738 In ym leit gar meins hercʒen glantʒ
1397 2756 2973 2900 Wann er hat garn chraws hor
1385 2929 3063 3067 Mit dem ich laider nicht getor
1361 3105 2883 3244 wyrth erchoſen nach mein mut
1361 3267 2854 3405 Vor der lardigen mercher hut
1301 3418 3206 3561 Jn dieſem geträcht leit manige magt
1337 3603 2824 3733 Die ſelten gut damit peragt
1343 3766 2895 3888 Jr ſchult wiʒʒen die do welen
1367 3927 2889 4063 Das ſy dikch ir hertʒ quelen
1349 4111 2949 4243 Die aber versporgen lieb trait
1337 4278 2991 4422 Die trait verporgen hertʒen lait
1307 4440 2722 4583 Jn wirt nach lieb dikch we
1367 4625 3063 4763 Nu mag ich aber sprechen als ee
1337 4810 2573 4936 Die maid nach der wal
1349 4971 2627 5103 Als die pirn in dem tal
1337 5144 2985 5294 Die vorn ir hawbt ſchol naygen
1337 5323 3355 5479 Die müʒʒ den lewten irn nakch ʒaigen
1361 5515 3110 5657 Wie schon hör vnd ʒophen ſy hab
1361 5688 2854 5830 Von dem nakch hangen hinab
