5172 7677
1715 760 3537 1113 Haben auf erden manigen fluech
1697 1011 3429 1242 Nu hat der teufel menſchen ſin
1685 1185 3741 1442 Wer tracht nach ergerm chauf gewin
1691 1341 3681 1637 Auf den weder choſt noch arbait
1703 1535 3573 1796 Jn fromp den landen wirt gelait
1697 1739 3543 1966 Sand roch iſt der chauf genant
1679 1846 4046 2143 Dem ymmer vnpilleich wër unbechant
1697 2068 3181 2337 Allen chriſten auf ertreich
1721 2253 3352 2541 Der gern chein zẅ himelreich
1688 2448 3429 2750 Got herr la dir gechlagt ſein
1727 2657 3833 2936 Daʒ wurcʒ gechrewt ſey den und wein
1751 2864 3759 3103 Tuch der nie vadem wart geſpunne̅
1733 3049 4139 3322 Der varib nie cham an weter noch an ſunne̅
1730 3259 3768 3564 Wirt verchaufft von pöſen chriﬅen
1718 3450 3441 3744 Di mit verflüchten pöſen liﬅen
1739 3666 3606 3938 Gut gewinnē wirs dann Juden
1700 3839 3929 4148 Di wir doch haiſſen dʒ teufels ruden
1733 4052 3600 4336 Satʒung wücher vnd fürchauff
1745 4258 3615 4519 Haben in der welt ſo weyten lauf
1715 4450 3675 4743 Daz aller pfaffen vnd munich ler
1685 4680 3645 4932 Si vnſanft pracht an wider cher
1751 4854 3399 5117 Geitichait vnd gleichſenhait
1742 5027 3573 5351 Haben manig ſeltʒem umbchlait
1754 5267 3441 5563 Mit den ſi hie di welt triegen
1742 5431 3800 5734 Vnd dort in ſelber gen got liegen
1712 5638 3310 5907 Di welt offt wirt betrogen
1766 5814 3786 6156 Hat si den heilig vnd wol getʒogen
