5103 7634
668 870 2461 1136 Sogetan vnfuer hat manig man
676 1036 2885 1289 Wederbt nicht wol man daʒ bebawn chan
673 1178 2353 1438 Wo volks groſſew menig ſey
701 1352 2403 1618 Daʒ ſey auch ſchad vnd phand
696 1508 2522 1754 Wann maniger mit den hrˀen vert
690 1663 2441 1915 Dem ſelten icht ern iſt beſchert
696 1832 2439 2095 Dann daʒ er chaum ſich ernert
690 2006 2372 2214 Vnd ſein lebn ir ainer verʒert
693 2153 2347 2417 Dem wer vil peſſer daʒ er wer
676 2336 2267 2561 Jn ainem walt ein chlawſner
707 2458 2331 2702 Wann daʒ er wär ein chrappler
690 2635 2281 2904 Vnd iſt deʒ tewfels martrar
707 2780 2444 3048 Darnach hat maniger chapplan
690 2946 2278 3209 Di mit weiten ermelim gan
707 3129 2566 3411 Vokch tragen vnd gen in chappen
690 3303 2184 3567 Bain di miſigen chnoppen
690 3467 2245 3713 Der im wenig iſt entrunen
704 3614 2328 3880 Wann ſi vallen in den prunen
701 3774 1976 4032 Der ewigen vnſälichait
690 3905 2910 4187 Durich hochfart vnd durch geitichait
679 4101 2475 4354 Jn wirt di hel auf erden ſawr
676 4262 2444 4539 Ee dann ſi warn nacht pawrn
712 4459 2563 4714 Dez ſwartʒn mit ſeinem genoſſen
701 4625 2647 4875 Herab von himel wart geſtoſſen
660 4808 2683 5055 Sullen di nicht ʒewett vnſalig ſein
701 4977 2666 5227 Der fleiſch auf er den hie leidet pein
707 5141 2924 5421 Vnd doch der ſel muſſen angst habn
701 5318 2461 5567 Wann ſi dʒ nachtʒ ſer traben
682 5457 2874 5712 Durich eng tal und vinſtern walt
696 5645 2400 5930 Jn tewfels dinſt deʒ gewalt
676 5856 2350 6105 Zu den ʒeit aller gröſſer iſt
