5103 7634
676 744 2262 1039 Wann arm lewten wolʒemüt
670 993 2628 1272 Vnd paʒ iſt wann pey groſſem güt
637 1212 2114 1428 Silberhuut o hell hunt
689 1373 2472 1655 Weʒ ſenkchſtu dich in den grunt
651 1567 2779 1849 Da tauſent wulgen alʒ tauſent phunt
700 1783 2522 2046 Wegen geleich iſt dir icht chunt
643 1986 2486 2295 Daʒ in der hell der reich ſprach
670 2234 2530 2500 Da er lazarum inn frewden ſach
684 2431 2363 2719 Vnd pat in vmb ein tröpflein
678 2647 2330 2866 Waʒʒers auf di ʒungen ſein
678 2844 2874 3099 Wo warn̄ ſein frewnt wo waʒ ſein güt
654 3047 2451 3279 Wo phell chlaider wo ſpeis güt
684 3274 2658 3531 Wo waʒ daʒ alleʒ daʒ er ye gewan
654 3468 2152 3703 Ohie reich ich armer man
676 3659 2579 3914 Wen haſſt di welt umb poſhait
681 3845 2472 4130 Der hat ſein ʒeit ubel an gelait
659 4122 2519 4335 Der aber verdient der poſen haſſ
654 4313 2467 4584 Den haben di frumen deſt pas
648 4548 2620 4816 Deʒ geitigen ſarig iſt immer new
656 4756 2456 5027 Zẅ niemant hat er gantʒ trew
659 4920 2738 5221 Den allen tugenden iſt er verplindet
659 5150 2494 5429 Wann er an güt an ern ſwin det
648 5388 2546 5670 Vnd ir diſch gut ſo ſer minnet
613 5596 2710 5869 Daʒ er gen dem tot nicht verſumet
629 5763 2669 6094 Satʒung fur chauf vnd geſuech
