5236 7560
661 874 2483 1203 Ʒu vodriſt allen gotes poten
1036 1078 2894 1373 DEr frumer hewr weͣr dann vert
1041 1251 2934 1544 Der weͤr wol guts vnd ern wert
752 1478 2531 1728 Wer aber an tugent ab nympt
704 1643 2940 1907 Nicht wol man den ein hrrn nam ʒimpt
738 1816 2176 2171 Wer iſt auf tugenden vol
741 1969 2503 2341 Wir wedörffen all gnaden wol
735 2202 2940 2588 Doch ſchullen herrn nach ern trachten
718 2389 2857 2750 Vil mer wann der wir nicht achten
758 2588 2630 2948 Wellen sy halb hie ſein auf erden
758 2738 2994 3141 So hutten das ſo icht dem tewfel wenden
945 2974 2883 3351 Wer chunig oder herr auf erden ist
959 3240 2681 3561 Der ſtet als auf einen miſt
763 3431 2806 3706 Setʒet an ʒil ʒu dem man ſchewſt
752 3618 2704 3947 Der ein engilt der ander gnewſt
721 3853 2488 4103 Der wirt ir maniger troffen
653 3936 2730 4353 Ʒu dem ſein diener ſcholten hoffen
721 4259 2647 4503 Das ſy von ym weraten wurden
724 4353 2784 4733 Den drukchen ſelber Jamers purden
729 4625 2437 4937 Wer wil ſich an die red chern
738 4838 3016 5139 Wir ſehen die trachten nach groʒʒn̅ ern
712 4994 2429 5303 Die nye wurden herrn chind
724 5201 2548 5522 Weder gepurd noch ritter find
701 5394 2474 5715 Gewaltig auf hohen pherden
709 5579 2619 5893 Machen yn namen hie auf erden
709 5797 2420 6115 Vnd manig wappen ſo achtpeͣr
