5144 7613
1385 884 3254 1041 Vnſers hern gut mus vns wechern
1397 1045 3493 1185 Hochwurdiger ſchatʒ ward nye auf erden
1397 1221 3206 1377 Vnd mag vnſanfft nymmer werden
1373 1400 3379 1568 Wann den die die Junkfrawn verlieſen
1361 1579 3134 1710 Wo sy wunderleich man erchieſen
1403 1739 3248 1892 welch mayd zu manne wirt geben
1361 1906 2860 2059 Oder in ein geiſtleich leben
1367 2085 3230 2232 Von iren mutern werden genomen
1361 2264 2866 2405 Ee ſy ʒu iren tagen chomen
1361 2442 2639 2569 Sy ſein arm oder reich
1349 2603 3337 2748 Sy mügen ſich wol den pirn geleichn
1349 2778 2919 2907 Nyemant wais wie sy geratn
1325 2957 2907 3092 Payde gesoten Vnd gepraten
1367 3128 2531 3264 Sind grun ſelten gut
1367 3299 2471 3431 Manig weib alſo tut
1361 3473 2878 3615 Selten wirt ſeins laides rat
1337 3634 3051 3794 Der ein vbel weib genomen hat
1337 3805 3110 3999 Wann nye chain tier erger wart
1325 3978 2931 4166 Dann ein weib von vbler art
1373 4159 2973 4327 Wem aber ein gut iſt weſchert
1349 4333 2728 4476 Wo der in dem land vert
1325 4491 2860 4664 Der mus ſein ein ſalig man
1343 4676 2895 4841 Wie ſy mit irn ʒuchten chan
1313 4850 2961 5011 Gemeren irer paider ſalichait
1349 5030 2770 5182 Sy ist ein der wurdichait
1337 5214 2698 5355 Selten wideruert ir lait
1349 5399 3445 5552 Welich weib iren mannen gern vertiart
1319 5560 3158 5719 Auch ſchol der man phlegen schon
1325 5739 2973 5886 So gibt im got paiden ʒu lon
