5086 7560
828 817 2292 1132 Nu wirt Ruprecht weraten
805 1092 2143 1351 Von yn oder gar verraten
792 1236 2755 1533 Der chnapp ſpricht ohaym rüpprecht
769 1401 2805 1681 Deiner fuedrung han ich gueten recht
805 1599 2315 1851 Daʒ iſt die magt von ich dir
802 1772 2282 2028 hab geſagt nu gelaub mir
729 1861 2430 2191 Ir vngemach weͣr mir alſo sweͣr
774 2087 2272 2379 Als ob ſy mein tochter weͣr
797 2265 2605 2564 Meiner ſwester prüder ir vater iſt
792 2488 2072 2737 Der dir nicht geſippt iſt
802 2661 2166 2869 Von deiner müter alſo mir
807 2747 2389 3062 Sy haiʒʒt gebt daʒ ſag ich dir
784 2953 2681 3224 Daʒ du vill frewnt gewineſt von ir
807 3146 2353 3437 Vnſanfft ich ir dahaym enpir
787 3321 2567 3577 Mein haws was wol mit ir bewart
784 3478 2338 3737 Sy min vater vnd mir vil ʒart
769 3641 2506 3910 Man hat vns vil vmb ſey gepeten
691 3839 2353 4103 Vnd iſt ein gantʒ jar ʒetreten
739 3981 2386 4285 Da was ſy dir vor got wehalten
767 4148 2516 4420 deʒ laʒʒ euch got mit ſalden alten
729 4270 2488 4590 Be her nym ſey ʒu der rechten ee
718 4481 2485 4778 Nu we dir Rupprech nü we dir we
744 4638 2435 4961 Man drukchet ſy dir an die hant
718 4836 2549 5116 Werd dir chunfftige vnſald wechant
739 5001 2315 5293 Du ſtrebſt als ein ochs wider
767 5156 2402 5428 Als ein pokch vnd als ein wider
767 5336 2320 5616 Secht alſo wirt hie volbracht
769 5484 2166 5753 Als der chnapp her erdacht
757 5679 2463 5923 von geppen vnd von Rupprechten.
739 5814 2196 6057 werden nu halb edl chnecht
