5124 7679
1611 917 2770 1121 Lieber mein her haim
1687 1077 2847 1280 Seyt fürbas dahaim
1696 1210 3213 1437 Vnd weribt ſelber nach güt
1673 1369 3446 1628 Daʒ iſt für ſchaden und ſchand güt
1673 1534 3192 1761 Lat ewch nicht an müſſichait
1676 1696 3154 1923 Wann ſi pringt ew alleʒ lait
1693 1850 3098 2092 Wer im ſelber nicht enhat
1682 2000 3115 2269 Der get an der toren rat
1676 2183 3334 2448 Ein ygleicher iſt im ſelbˀ  holt
1649 2316 3174 2584 Jſt daʒ irs gelauben wolt
1684 2499 3192 2788 So ſetʒt ewch daʒ ſelber für
1682 2658 3227 2941 Vnd get nicht von tür ʒe tür
1661 2820 2897 3056 petelim auf dem lant
1676 3000 3024 3263 Wann eʒ iſt groſſ ſchant
1658 3159 2994 3407 Alſo gieng der grill hin
1690 3336 2920 3575 An troſt und angewin
1888 3407 3251 3720 Du merket all liebn lewt
1861 3634 3198 3850 Waʒ ditʒ pippel bedewt
1676 3767 4050 4062 Der liecht ſumer iſt liecht vnd wunne chleich
1676 3924 3419 4160 So ſint di Jungen frewden reich
1673 4071 3682 4307 Der wintter iſt trawrig vnd chalt
1676 4221 3788 4478 Alſo iſt der menſch wann er wirt alt
1661 4378 3584 4670 Wer nu nicht ein trait in der Jugent
1661 4558 3537 4817 Rainew werch vnd minew tugent
1670 4711 3540 4974 Der hat in dem alter ſich betrogen
1699 4879 3915 5139 So ſinn vnd chraft ſind im entflogen
1944 5042 4024 5342 Di amayſſen mugen uns wol bedewten
1699 5186 3342 5440 Einſidel und ander heilig lewt
1670 5354 3331 5643 Di grill gen den müſſig ſein
1699 5508 3481 5773 Vnd dringen mit den herren ein
1664 5682 3817 5997 Doch wiſſt daʒ manig man ſich dringt
1655 5876 3115 6127 ʒehof den chumer twingt
