5236 7560
707 799 2757 1220 Chan nucʒ gut und chunſt gemeren
777 1153 2264 1404 Herr an er iſt er mer vil
802 1256 2894 1529 Dann er mit eren wer es merchen wil
813 1468 2562 1766 Manig herr get auf eren walcʒ
794 1643 2401 1919 Hoth empor recht als ein valcʒ
788 1830 2899 2097 Dem recht er doch nye wart bechant
805 1988 3047 2295 Der want das ſchäcʒ vnd liechts gewant
819 2203 2281 2529 Er pringt des trit es nicht
827 2406 2342 2688 Er hat mit tugent phlicht
816 2601 2832 2908 Pey wem ſchol man tugent lernen
822 2713 2757 3108 Seit phaffen vnd layen hörn geren
824 3002 2384 3275 lueder fur vnd poſe wart
794 3180 2532 3495 Die ſelten wurden vor gedacht
791 3384 2593 3665 So edler herrn weſchaidenhait
785 3537 2880 3813 Chunden ʒucht trew verſchaidenhait
802 3735 2676 4069 Chunden verften do ward in pas
763 3927 2406 4272 Gelonet im gefugt ſich das
802 4133 2501 4400 Doch in ir vil chranches muts
822 4353 2381 4640 Allain ſy reich ſey des gats
805 4495 2866 4773 Der hercʒ nach tugenten ſelten ſtrebt
836 4696 2376 4949 Wie dem der als ain viech lebt
836 4913 1193 5161 Habich
1088 4924 1444 4982 liechten
1193 4865 2662 5166 Haubt vnd iunkfrawn laden
816 5060 2623 5358 Vnd ir richter pewtel ſind geladen
819 5250 2398 5559 Mit hubſcher hab der ʒu vil
822 5434 2779 5706 Selten ye wart der es merchen wil
833 5606 2779 5913 Noch ſwacher iſt poſer beren troſt
836 5812 2289 6127 Pey den ſelten wirt geloſt
